2684 4478
540 196 574 255 X.
616 195 721 254 Dion.
1162 198 1201 255 47

51 392 170 437 causam
191 375 277 450 pauci
296 377 331 435 ad
352 376 519 436 societatem
539 376 659 452 periculi
678 378 915 452 perducebantur.
943 377 997 437 Sed
1016 377 1093 437 Dion
1113 378 1205 437 fretus
1226 378 1245 436 3

51 476 112 519 uon
132 460 192 518 tam
212 459 272 518 suis
294 459 393 534 copiis,
416 477 500 534 quam
520 460 584 518 odio
605 461 730 535 tyranni,
752 459 872 520 maximo
889 459 982 519 animo
1004 461 1114 520 duabus
1137 478 1205 520 one·

51 541 139 602 rariis
160 541 281 602 navibus
303 542 510 617 quinquaginta
534 560 674 602 annorum
694 543 850 618 imperium,
876 543 1016 604 munitum
1042 543 1206 619 quingentis

50 625 149 699 longis
166 625 296 699 naribus,
323 626 420 685 decem
444 627 569 701 equitum
591 629 758 701 centumque
779 627 905 702 peditum
925 626 1039 686 milibus
1060 627 1205 702 profectus

54 712 261 784 oppugnatum,
284 709 359 782 quod
382 709 511 768 omnibus
531 709 665 783 gentibus
681 709 845 769 admirabile
859 712 903 770 est
914 709 1015 782 visum,
1038 711 1107 770 adeo
1122 711 1207 771 facile
1280 774 1282 778 ,

50 791 188 868 perculit,
211 795 246 851 ut
265 795 331 867 post
352 792 424 851 diem
438 793 563 865 tertium,
587 811 671 868 quam
685 793 809 853 Siciliam
822 793 967 867 attigerat,
990 795 1147 868 Syracusas
1160 793 1206 852 in·

52 875 178 935 troierit.
222 875 266 934 Ex
290 892 345 950 que
367 875 496 949 intellegi
516 880 620 951 potest,
643 877 753 936 nullum
772 894 834 937 esso
855 877 1004 951 imperium
1023 880 1126 950 tutum,
1150 876 1207 961 nisi
1318 949 1321 955 .

53 957 254 1018 benevolentia
273 958 424 1018 munitum.
445 960 487 1018 llo
509 963 635 1034 tempore
653 960 752 1019 aberat
765 960 919 1035 Dionysius
942 963 971 1020 et
986 961 1017 1019 in
1030 960 1116 1020 Italia
1132 961 1206 1019 clas·
1228 959 1248 1018 4
1315 972 1317 977 “

54 1059 117 1102 sem
133 1041 333 1116 opperiebatur
347 1042 581 1114 adversariorum,
603 1045 685 1102 ratus
699 1043 839 1102 neminem
853 1044 916 1104 sine
935 1044 1047 1118 magnis
1069 1044 1157 1119 copiis
1172 1042 1209 1103 ad

56 1143 88 1185 se
109 1128 270 1185 venturum.
293 1125 371 1196 Quae
392 1143 439 1185 res
461 1143 525 1185 eum
545 1125 654 1186 fefellit.
681 1128 757 1185 Nam
770 1126 846 1186 Dion
860 1127 895 1186 iis
909 1127 989 1201 ipsis,
1013 1127 1061 1202 qui
1082 1128 1136 1187 sub
1157 1126 1207 1185 ad·
1229 1125 1248 1182 5

54 1208 178 1268 versarii
191 1208 306 1267 buerant
321 1211 471 1283 potestate,
487 1209 582 1283 regios
597 1209 716 1284 spiritus
732 1209 869 1286 repressit
881 1211 1025 1284 totiusque
1041 1211 1101 1270 eius
1116 1209 1207 1285 partis

56 1290 172 1351 Siciliae
192 1291 301 1366 potitus
322 1295 375 1364 est,
395 1309 467 1367 quae
482 1294 536 1352 sub
549 1290 678 1367 Dionysii
698 1292 793 1352 fuerat
814 1296 964 1367 potestate,
986 1293 1104 1369 parique
1124 1294 1206 1352 modo

56 1374 139 1434 urbis
153 1374 358 1449 Syracusarum
378 1376 491 1449 praeter
513 1393 607 1435 arcem
622 1379 652 1435 et
665 1375 788 1435 insulam
809 1376 972 1436 adiunctam
986 1377 1096 1452 oppido,
1120 1393 1208 1451 eoque
1230 1378 1249 1435 6

56 1475 119 1517 rem
139 1459 278 1532 perduxit,
305 1460 339 1516 ut
363 1458 470 1518 talibus
491 1459 671 1533 pactionibus
697 1476 796 1535 pacem
821 1463 961 1533 tyrannus
988 1461 1083 1520 facere
1109 1456 1207 1520 vellet:

57 1540 185 1600 Siciliam
210 1541 285 1600 Dion
314 1541 462 1613 obtineret,
488 1542 602 1601 Italiam
625 1541 788 1617 Dionysius,
818 1543 975 1617 Syracusae
1001 1545 1207 1618 Apollocrates,

58 1623 108 1684 cui
128 1624 277 1688 maximam
297 1624 380 1684 fidem
398 1624 449 1686 uni
468 1627 593 1685 habebat
612 1625 776 1699 Dionysius.

111 1707 174 1766 Has
188 1714 247 1766 tam
261 1724 412 1782 prosperas
426 1712 540 1782 tamque
555 1708 716 1784 inopinatas
731 1727 778 1768 res
793 1713 948 1769 consecuta
962 1713 1007 1770 est
1021 1711 1117 1770 subita
1132 1727 1208 1769 com·
1227 1709 1251 1776 6

58 1789 190 1862 mutatio,
213 1791 295 1866 quod
307 1791 424 1850 fortuna
444 1809 498 1850 sua
518 1792 684 1864 mobilitate,
708 1810 791 1866 quem
805 1794 889 1867 paulo
905 1795 972 1853 ante
987 1795 1136 1866 extulerat,
1160 1794 1208 1852 de-

57 1891 189 1947 mergere
204 1877 249 1934 est
263 1874 372 1933 adorta.
393 1874 521 1934 Primum
534 1875 566 1934 in
578 1876 646 1947 filio,
662 1876 696 1934 de
710 1893 765 1950 quo
781 1875 995 1936 commemoravi
1009 1895 1105 1951 supra,
1129 1894 1210 1936 suam
1232 1879 1250 1936 2

58 1955 118 2015 vim
139 1957 274 2017 exercuit.
306 1959 382 2016 Nam
404 1975 468 2017 cum
488 1976 604 2018 uxorem
625 1959 792 2031 reduxisset,
814 1978 887 2034 quae
909 1959 958 2018 alii
979 1959 1073 2020 tuerat
1093 1960 1208 2030 tradita,

58 2039 205 2114 filiumque
225 2042 309 2100 vellet
329 2058 465 2101 revocare
486 2042 523 2100 ad
542 2043 677 2102 virtutem
697 2060 715 2101 a
735 2043 846 2117 perdita
865 2043 987 2115 luxuria,
1011 2043 1121 2118 accepit
1142 2060 1210 2116 gra·

59 2123 208 2183 vissimum
227 2142 330 2199 parens
351 2126 455 2184 vulnus
474 2128 565 2185 morte
585 2125 647 2184 filii.
675 2125 795 2185 1Deinde
822 2130 886 2184 orta
910 2126 1047 2186 dissensio
1069 2130 1114 2186 est
1134 2127 1210 2185 inter
1232 2129 1251 2185 3

59 2223 126 2266 eum
146 2209 176 2267 et
196 2206 389 2280 Heraclidem
410 2194 474 2282 qni,⁸
490 2210 563 2283 quod
577 2208 769 2284 principatum
782 2226 841 2267 non
854 2210 1034 2282 concedebat,
1057 2210 1211 2269 factionem

60 2291 246 2364 comparavit.
287 2292 389 2365 Neque
411 2291 548 2351 isminus
573 2293 687 2352 valebat
712 2292 788 2367 apud
815 2292 974 2367 optimates,
1001 2309 1122 2367 quorum
1143 2309 1211 2368 con·

60 2389 150 2433 sensu
169 2377 302 2450 praeerat
323 2374 416 2445 classi,
444 2392 509 2434 cum
528 2375 604 2435 Dion
625 2375 779 2435 exercitum
799 2375 957 2450 pedestrem
982 2379 1102 2435 teneret.
1144 2377 1212 2435 Non
1233 2377 1253 2433 4

60 2457 130 2515 tnlit
149 2458 203 2516 hoc
225 2457 316 2516 animo
332 2475 421 2532 aequo
435 2458 510 2518 Dion
525 2462 554 2518 et
567 2476 681 2518 versum
694 2458 773 2518 illum
787 2458 904 2518 Homeri
917 2459 1018 2520 retulit
1038 2478 1072 2520 ex
1086 2460 1213 2519 secunda

60 2540 222 2614 rhapsodia,
245 2540 277 2599 iu
297 2557 352 2616 quo
373 2543 443 2600 haec
464 2543 607 2601 sententia
622 2546 678 2602 est:
700 2560 759 2601 non
779 2559 863 2617 posse
883 2542 956 2602 bene
977 2542 1039 2616 geri
1059 2543 1224 2621 rempubli-¹

62 2639 126 2683 cam
145 2624 298 2683 multorum
318 2624 452 2698 imperiis.
499 2625 580 2696 Quod
600 2626 707 2703 dictum
727 2642 832 2698 magna
855 2625 960 2684 invidia
982 2629 1136 2685 consecuta
1158 2629 1211 2686 est.
1318 2692 1320 2696 q

61 2706 193 2781 Namque
214 2707 360 2784 aperuisse
380 2707 538 2780 ridebatur,
561 2709 656 2768 omnia
675 2707 707 2767 in
721 2727 774 2769 sua
788 2711 930 2784 potestate
945 2727 1007 2770 esse
1028 2709 1214 2769 velle..Hauc
1237 2710 1254 2768 5

35 2918 39 2927 ·
113 2890 139 2942 3.
155 2893 275 2956 tyranni:
300 2888 365 2944 Gen.
383 2889 448 2956 0qu
472 2896 659 2959 oppopnatcm,
682 2889 747 2958 Sup.
764 2888 791 2943 S.
809 2889 833 2957 ἕ.
854 2891 911 2942 784.
930 2888 957 2942 Ζ.
975 2890 999 2957 §-
1017 2890 1073 2942 668.
1097 2888 1215 2943 Consta:

59 2957 196 3074 {reseptos
217 2961 393 3024 oppapnatom
418 2961 559 3025 imperium
580 2961 771 3025 qubrqaaprbtc
794 2972 937 3020 annorum
965 2961 1036 3023 quod
1059 2959 1148 3012 visam
1169 2961 1214 3015 est,

33 3028 37 3036 '
84 3036 135 3074 usa
150 3037 164 3073 a
182 3037 215 3074 au
249 3026 352 3076 ercclrb

113 3091 138 3140 4.
158 3038 280 3142 classim.-
301 3089 353 3142 mit
372 3087 545 3150 Nachdruek,
568 3088 694 3142 wahrend
709 3088 782 3141 Dion
802 3087 854 3141 mit
877 3088 942 3142 awai
964 3087 1144 3141 hartechiffen
1169 3102 1215 3154 ge-

62 3154 188 3207 kommen
203 3170 272 3207 war:
295 3160 331 3208 od
347 3173 382 3217 re,
400 3157 438 3209 im
453 3154 615 3209 leindlichan
635 3155 730 3209 Sinna:
751 3170 845 3222 gegen.
880 3157 1013 3216 Quae¹ree
1030 3172 1091 3209 eum
1103 3157 1217 3221 fefclld:

62 3218 142 3273 dariu
160 3221 285 3275 tbuschte
301 3237 329 3274 er
346 3221 404 3276 sich
421 3222 491 3275 aber.
744 3251 750 3258 ·

115 3291 139 3339 5.
156 3291 198 3340 bie
215 3291 288 3356 ipsis,
308 3287 355 3341 der
371 3288 440 3351 Abl,
458 3287 536 3341 nicht
549 3306 607 3357 per,
630 3288 691 3341 weil
708 3287 750 3341 die
767 3286 902 3342 Personen
919 3287 977 3341 hier
994 3286 1035 3342 als
1053 3287 1217 3352 Werkzeuge

62 3352 180 3420 gedacht
196 3354 269 3417 sind;
281 3360 370 3424 partie
384 3360 490 3422 potitus
506 3362 553 3416 cst,
573 3354 607 3408 ci.
624 3354 646 3408 L
666 3371 687 3407 s.
705 3358 729 3417 4,
747 3358 772 3407 4.

114 3423 139 3473 6.
149 3423 278 3483 oblimet,
288 3421 322 3474 cf.
332 3420 628 3485 Them.·b‚5;1tulicm:
660 3420 829 3485 nteritalien;
841 3426 982 3474 maalmam
990 3419 1217 3480 reci‚s.Wbrterb.

62 3519 404 3621 cffgsgttllihfllgpnfflieelnt
418 3521 510 3566 selnen
524 3520 605 3576 solra,
620 3520 714 3566 erhilt
727 3532 762 3565 an
775 3519 935 3565 Heraclides
948 3519 1028 3565 alneu
1042 3521 1148 3575 degner-
1161 3520 1217 3564 und

116 3645 137 3695 l.
155 3660 208 3696 suc
223 3646 381 3697 mobilitate:
417 3647 502 3695 emdss
519 3643 566 3696 der
584 3642 641 3695 ihm
658 3641 902 3708 eigenthtimlichen
919 3640 1174 3694 Verdnderlichlreit.

114 3711 139 3762 2.
157 3714 323 3764 reclusisset.-
343 3659 441 3763 wieder
457 3708 627 3777 geheirathet
649 3708 739 3772 hatte;
758 3713 890 3785 perditas,
916 3724 937 3759 s.
954 3707 1098 3771 W'drterb.3
1117 3723 1218 3775 parens

63 3775 129 3828 hebt
146 3775 193 3829 das
211 3776 363 3829 natiirliohe
380 3776 550 3829 Verhtiltniss
567 3776 670 3839 hervet,
687 3774 746 3828 hier
760 3775 837 3828 nicht
849 3780 936 3844 paler.

112 3846 137 3896 4.
164 3860 271 3896 aarum
296 3848 374 3898 illum
400 3846 507 3895 Homeri
532 3843 564 3896 11.
589 3842 626 3906 ll,
652 3844 717 3903 204;
741 3838 790 3893 οὐκ
816 3839 929 3912 ἀγαθὸν
950 3837 1151 3911 πολυκοιρανίη.
1180 3839 1218 3896 alr

62 3915 190 4028 ἕίρανὶς
216 3913 302 3975 ἔστω,
333 3911 446 3962 nimmer
472 3908 607 3963 Gadeihen
632 3909 726 3975 bringt
752 3906 978 3970 Vielherrschaft3
1003 3923 1056 3959 nur
1081 3908 1154 3960 einer
1179 3906 1219 3960 sei

91 3992 163 4030 errso
183 3992 225 4040 er;
243 3981 309 4030 aella
325 3992 362 4029 so.
380 3994 415 4029 se.
852 3998 854 4002 ·

113 4048 138 4096 5.
158 4048 225 4096 banc
238 4058 273 4096 sc.
287 4048 426 4106 invideam,-
445 4046 655 4108 inthtcicedum
668 4045 781 4103 crercoit,
800 4040 827 4094 S.
845 4041 868 4109 ξ.
887 4041 936 4092 too
953 4057 979 4093 u.
997 4043 1054 4093 761.
1074 4040 1102 4093 Z.
1120 4043 1142 4110 ᾖ.
1161 4041 1210 4093 653
