2684 4478
470 254 576 314 XVIII.
618 255 807 313 EUMENES.
1170 254 1211 312 89

56 432 168 493 retulit.
193 433 250 492 Hie
265 451 330 493 eum
344 451 440 495 omnes
454 435 543 509 primo
558 435 720 511 perturbati
734 436 950 505 admirarentur,
972 452 1029 493 non
1044 435 1101 494 iarn
1122 437 1156 495 de
1178 451 1211 495 eo

37 585 40 589 ¹
56 517 205 590 sumptum
220 533 282 576 esse
297 517 475 592 supplicium,
499 535 585 591 aquo
601 521 646 577 tot
660 535 751 578 annos
766 519 834 578 adeo
857 520 953 576 essent
966 519 1039 577 male
1053 519 1153 590 babiti,
1177 520 1211 579 ut

57 614 144 672 saepe
159 599 196 657 ad
210 600 435 674 desperationem
448 600 543 659 forent
557 601 680 672 adduoti,
702 601 806 676 quique
826 600 962 659 maximos
984 600 1071 660 duoes
1091 601 1209 661 interfa-

58 680 157 753 oiasat,
181 682 301 757 danique
314 682 346 741 in
359 700 414 757 quo
430 699 487 742 nno
501 686 615 742 tantum
629 686 712 755 esset,
735 687 776 754 ut,
794 683 886 758 quoad
899 683 946 742 ille
960 682 1074 755 viveret,
1095 684 1150 759 ipsi
1164 703 1210 744 se·
1239 684 1261 744 2

59 759 121 846 ouri
137 781 200 823 esse
214 782 272 823 non
285 768 411 840 possent,
426 766 576 826 interfeoto
591 766 662 825 nihil
675 767 799 826 habituri
814 765 923 839 negotii
937 769 1040 837 essent,
1057 771 1208 840 postremo,

59 846 85 905 si
103 846 148 905 illi
166 848 296 907 redderet
315 850 445 919 salutem,
468 850 650 922 quaerebant,
673 849 775 922 quibus
791 849 889 908 amieis
908 851 984 908 esset
1005 867 1124 910 usurus:
1147 867 1210 909 sese

41 929 135 989 'enim
157 947 222 989 oum
234 931 360 990 Erimene
381 932 456 1005 apud
471 949 535 990 eum
548 948 606 990 non
619 931 741 991 tuturos.
763 932 828 1003 Hie,
852 931 967 1005 cognita
983 931 1093 990 consilii
1107 935 1208 992 volun·
1239 935 1258 991 3

58 1014 128 1082 tate,
151 1016 249 1072 tamen
269 1031 358 1086 usque
380 1015 416 1073 ad
437 1015 586 1088 septimum
601 1014 673 1073 diem
687 1015 860 1074 deliberandi
873 1014 929 1074 sibi
946 1014 1071 1089 spatium
1084 1014 1208 1088 reliquit.
1311 1085 1313 1088 y

59 1096 132 1153 Tum
153 1099 258 1167 autern,
281 1113 346 1155 oum
364 1097 421 1155 iam
434 1100 588 1168 vereretur,
611 1114 717 1170 nequa
732 1098 832 1157 seditio
848 1097 989 1157 exereitus
1004 1098 1135 1168 oriretur,
1158 1115 1208 1171 ve7

57 1178 115 1236 tnit
129 1195 298 1252 quemqnam
312 1180 348 1238 ad
363 1198 427 1239 enm
444 1180 563 1251 admitti,
586 1182 616 1239 et
635 1179 829 1253 quotidianum
842 1180 950 1240 rictum
963 1181 1101 1240 removeri
1114 1180 1208 1240 iussit.

57 1260 135 1319 llam
154 1263 288 1335 negabat,
311 1281 342 1322 se
363 1263 390 1322 ai
403 1263 459 1322 rim
474 1264 635 1333 allaturum,
658 1263 706 1336 qui
720 1263 870 1336 aliquando
884 1263 987 1322 fuisset
1001 1263 1118 1323 amiens.
1151 1263 1208 1322 Hie
1237 1259 1258 1320 4

57 1346 156 1403 tamma
176 1361 234 1403 non
255 1345 377 1419 amplius
397 1363 481 1419 quam
501 1345 626 1404 triduum
645 1345 720 1404 fame
740 1345 889 1418 fatigatus,
917 1363 981 1404 oum
1002 1349 1097 1405 eastra
1113 1363 1208 1404 move-

58 1429 168 1498 rentur,
190 1427 331 1487 insciente
350 1429 495 1501 Antigono
518 1429 664 1501 iugulatus
687 1431 731 1487 est
751 1446 769 1486 a
791 1428 964 1487 custodibua

120 1509 170 1568 Sia
183 1511 323 1570 Eumenes
338 1528 477 1571 annorum
498 1531 520 1570 v
541 1514 570 1570 et
588 1529 639 1582 xn,
663 1528 727 1569 oum
747 1512 783 1569 ab
804 1528 879 1569 anno
897 1510 1040 1581 vicesimo,
1061 1510 1106 1568 nti
1120 1504 1258 1584 supra18

59 1592 243 1665 ostendimus,
271 1612 318 1653 vn
340 1611 430 1653 annos
453 1593 586 1668 Philippo
616 1594 803 1668 apparuisset,
829 1611 890 1651 xm
915 1594 991 1667 apud
1015 1593 1208 1652 Alexandrum

59 1675 178 1735 eundem
197 1676 292 1735 loeum
306 1677 483 1748 obtinuisset,
506 1677 538 1735 in
551 1676 595 1734 bis
609 1694 698 1736 unum
712 1676 837 1749 equitum
859 1677 921 1735 alae
941 1675 1119 1749 praefuisset,
1143 1679 1208 1750 post

59 1760 154 1817 autem
167 1759 321 1818 Alexandri
334 1760 434 1832 Magni
447 1762 565 1818 mortem
579 1759 731 1833 imperator
753 1759 893 1818 exereitus
915 1759 1042 1818 duxisset
1063 1775 1206 1817 summos·

59 1857 114 1913 que
133 1840 220 1901 duees
241 1842 345 1917 partim
366 1842 517 1916 repulisset
536 1842 640 1915 partim
660 1841 857 1914 interfecisset,
880 1844 980 1916 eaptus
997 1858 1056 1900 non
1068 1840 1208 1913 Antigoni

58 1923 174 1995 virtute,
197 1924 247 1983 sad
260 1925 446 1984 Macedonum
466 1924 590 1999 periurio
612 1925 699 1984 talem
718 1925 819 1983 babuit
841 1925 946 1984 exitum
965 1924 1051 1983 ritae.
1093 1926 1130 1982 In
1151 1939 1206 1997 quo
1236 1922 1256 1981 2

58 2009 168 2079 quanta
189 2006 313 2066 omnium
332 2007 419 2067 tuerit
444 2007 539 2082 opinio
566 2025 669 2078 eorum,
697 2008 746 2080 qui
772 2011 838 2082 post
857 2007 1049 2066 Alexandrum
1069 2009 1206 2079 Magnum

58 2106 142 2163 reges
163 2093 231 2149 sunt
252 2090 395 2165 appellati,
419 2108 453 2149 ex
472 2093 526 2151 hoo
540 2090 672 2149 facillime
689 2093 785 2164 potest
805 2090 933 2160 iudicari,
956 2089 1030 2163 quod
1050 2105 1130 2147 nemo
1146 2090 1206 2146 Eu·

58 2188 141 2231 mena
152 2172 217 2232 vivo
231 2190 282 2233 rex
295 2174 454 2249 appellatus
471 2177 522 2244 est,
538 2174 587 2232 sed
604 2172 775 2247 praelautus,
792 2173 880 2232 eidem
894 2175 960 2247 post
973 2172 1057 2230 huius
1073 2187 1207 2229 oceasum
1230 2169 1250 2228 3

58 2254 157 2315 atatim
170 2255 282 2336 regium
295 2258 427 2315 ornatum
440 2273 597 2329 nomenque
613 2259 804 2329 sumpserunt,
819 2273 919 2328 neque,
936 2254 1010 2327 qnod
1025 2253 1106 2311 initio
1121 2271 1205 2327 prae-

58 2337 197 2410 ditarent,
219 2357 251 2399 se
263 2339 418 2398 Alexandri
438 2339 535 2398 liberis
549 2356 669 2412 regnum
688 2356 810 2409 servare,
832 2341 978 2411 praestare
992 2338 1145 2395 voluerunt
1166 2337 1203 2406 at,

25 2542 35 2551 α
57 2513 378 2635 Μιηςιά-ΒΝιιΙΞιαὲι
389 2525 533 2585 postremo,-
550 2523 581 2570 de
597 2535 645 2571 oo:
661 2533 696 2570 an
713 2517 799 2571 ainam
817 2516 915 2571 Maune
930 2517 981 2569 wie
997 2531 1039 2581 ιτς
1053 2519 1145 2580 forent
1160 2514 1205 2566 fur
1281 2573 1283 2577 ¹

58 2589 287 2725 ondit'deriiquzsi
301 2622 379 2712 kima}
397 2665 424 2702 es
443 2649 510 2702 wird
526 2649 644 2703 dadureh
661 2667 696 2704 an
713 2649 760 2703 das
778 2648 870 2702 friiher
891 2648 1008 2766 Gesaffite
1028 2650 1111 2700 etwas
1135 2647 1204 2700 noeh

57 2713 238 2781 Wiehtrgares
255 2714 390 2782 angeliigt,
407 2716 446 2768 ist
462 2716 518 2769 also
535 2716 621 2769 weder
638 2717 689 2769 mit
707 2715 766 2769 dem
783 2715 965 2782 vorbergehan
984 2730 1017 2767 en
1030 2718 1118 2781 primo
1134 2713 1204 2766 uooh

33 2848 36 2852 Δ
58 2783 110 2834 mit
126 2779 186 2834 dem
201 2779 239 2834 fol
259 2780 343 2835 endan
356 2789 486 2850 postremo
503 2798 536 2834 ru
553 2783 709 2845 verbinden;
732 2787 760 2836 io
778 2800 830 2850 quo
849 2799 903 2836 uno
921 2788 991 2834 erret
1011 2786 1134 2834 tontum:
1158 2778 1204 2832 dar

58 2848 118 2900 eine
142 2862 172 2900 so
195 2848 228 2901 be
246 2847 358 2901 entende
374 2848 588 2902 Perabnliehkeit
608 2854 691 2912 utrm
714 2852 845 2912 dmatfecto
858 2850 902 2901 se.
927 2853 988 2901 illo:
1009 2863 1086 2900 wenn
1107 2862 1135 2899 ar
1156 2862 1202 2913 ga-

56 2913 148 2966 tddtat
164 2919 247 2978 witre3
265 2919 364 2983 nepulit,
382 2931 404 2966 s.
422 2914 567 2976 Wdrterb.;
584 2921 703 2976 sulutem,
723 2930 744 2969 s.
761 2914 907 2977 Wdrterb.;
924 2919 1048 2976 redderet,
1066 2916 1101 2966 st.
1119 2916 1205 2967 reddi·

57 2985 153 3044 dabam
171 2997 221 3033 noo
229 2983 353 3048 futuros,
369 2997 424 3048 erg.
442 2998 496 3034 erae
513 2984 716 3046 op‘firmueerant.

110 3047 135 3108 3.
151 3063 183 3100 oe
198 3063 262 3115 qua,
280 3045 306 3099 S.
325 3048 432 3166 §21903
453 3049 612 3100 deliberandi
628 3052 755 3116 epatium,
776 3046 804 3100 S.
821 3047 845 3113 ᾖ.
863 3048 920 3099 765.
938 3045 967 3099 Ζ.
984 3047 1034 3098 659
1040 3063 1047 3108 3
1070 3049 1155 3098 vetuit
1171 3072 1205 3083 —

58 3117 152 3175 iussit,
170 3111 197 3166 S.
215 3113 239 3180 ὅ.
256 3115 315 3166 681.
352 3115 400 3182 .§.
417 3116 475 3166 617.

58 3228 121 3282 σοι).
134 3227 207 3273 x111.
221 3227 346 3285 Soglelob
359 3229 427 3274 naeb
441 3228 541 3274 aetnam
550 3229 621 3274 'roda
635 3230 748 3274 nahmen
758 3228 802 3272 dle
815 3228 933 3284 ilbi-igar
942 3225 1138 3273 Barablsbabar
1152 3228 1203 3273 den

83 3285 258 3339 konlguoban
271 3282 342 3330 Titel
356 3297 398 3337 au,
418 3296 475 3332 waa
495 3285 535 3329 aie
553 3284 597 3329 bai
615 3284 708 3330 selaeu
719 3282 864 3329 naturitati
883 3283 957 3327 nlobt
975 3285 1086 3338 gewugt
1100 3285 1203 3329 butten.

83 3341 123 3386 Er·
136 3341 206 3385 wlrd
219 3351 273 3386 von
285 3341 378 3385 aelmon
392 3341 573 3386 Varwundtan
586 3341 726 3385 beatattat.

112 3410 134 3461 1.
154 3410 284 3460 Euemeriae
300 3424 436 3469 oomrom,
454 3404 546 3460 bolten
568 3405 635 3459 wird
656 3404 703 3458 dar
721 3404 810 3459 Gemit
833 3420 862 3457 ao
880 3403 1056 3457 unmittelbar
1071 3404 1123 3456 mit
1139 3403 1202 3456 Per·
1235 3446 1238 3451 .

58 3488 238 3528 sonennamen
254 3473 419 3536 verbunden;
437 3491 529 3542 supra,
549 3472 582 3525 oi.
600 3471 629 3526 G.
649 3475 670 3534 l,
688 3475 717 3533 43
736 3474 917 3548 apparebam,
937 3486 959 3522 s.
976 3469 1122 3545 Wdrterb.;
1141 3476 1203 3537 poet

57 3546 148 3595 autem
166 3569 198 3579 -
215 3546 332 3603 mentm,
356 3539 398 3593 die
415 3539 559 3605 Trannung
582 3538 627 3591 dar
643 3538 816 3606 Prtpositron
840 3535 925 3589 dureh
947 3536 1007 3588 eina
1025 3533 1204 3602 ConJunotion

58 3622 111 3660 von
127 3607 214 3660 ihram
229 3606 388 3660 Substantia
406 3607 444 3659 ist
459 3605 559 3667 saltam
577 3608 728 3672 repulisset,
750 3603 811 3656 weil
826 3618 855 3655 er
872 3602 917 3656 dar
928 3603 1005 3668 Ange
1025 3600 1115 3654 riffene
1132 3618 1200 3664 wan

56 3678 137 3727 lolem
154 3675 249 3727 babuit
267 3678 376 3734 exitum,
398 3671 495 3725 nimmt
512 3670 559 3724 das
578 3676 615 3725 eia
631 3671 671 3723 im
687 3668 796 3736 Anfang
813 3668 859 3722 des
878 3667 940 3737 Cap.
959 3617 1054 3721 wieder
1072 3667 1126 3728 aul,
1148 3685 1202 3722 wo·

57 3739 102 3794 fiir
118 3741 143 3794 ei
178 3738 265 3793 ntlieh
281 3739 324 3792 ein
341 3738 475 3792 oiniaehes
492 3738 610 3791 Verbum
626 3738 675 3790 wie
694 3740 761 3796 obiit,
780 3737 902 3789 occubuit
921 3732 1016 3786 stehen
1031 3735 1141 3786 mdeste.

109 3809 133 3859 2.
144 3755 367 3871 gvaerbffaoillima
379 3811 467 3875 potest
483 3809 601 3859 iudicari
622 3810 722 3871 quoodo
740 3807 768 3855 ιἰι
789 3819 816 3855 eo
834 3804 919 3862 fuerit
940 3803 1024 3867 opinio
1048 3816 1137 3853 eorum
1154 3804 1204 3868 qai

56 3902 91 3913 -
108 3889 142 3952 up
175 3877 236 3927 llati
251 3880 319 3934 ruat,
338 3889 371 3926 aa
388 3877 434 3926 boo
449 3875 525 3939 qood.
560 3874 594 3924 In
611 3887 663 3938 pao
680 3901 713 3908 —-
724 3873 831 3952 'opioim
853 3867 902 3920 wie
918 3880 995 3932 gross
1013 3865 1057 3918 die
1073 3865 1204 3933 Mainung

55 3954 110 3993 von
192 3944 246 4002 ,·in
263 3955 315 4005 pao
331 3963 366 3983 =
381 3943 474 3999 ouium
493 3942 551 3990 otoo
568 3962 602 3981 ==
618 3941 747 4005 quamdiu
764 3935 876 3986 eruebat.
1211 3966 1215 3973 -

54 4090 76 4126 s.
94 4006 272 4127 vajpfflg=
293 4010 322 4058 id
337 4009 419 4072 quod5
440 4012 634 4089 propugnatore
658 4018 695 4056 se.
717 4004 859 4055 liberorum
876 3999 1041 4062 Alexandr03
1059 4003 1200 4068 puber'poea,
