2684 4478
507 240 532 298 1.
566 239 781 299 MILTIADES.
1194 235 1215 294 9

72 425 198 494 tempore
212 420 345 480 incensus
360 424 413 481 est.
445 421 530 481 Cuius
541 423 654 481 fiarmna
667 425 701 480 ut
715 422 751 480 ah
766 419 912 496 oppidanis
927 422 957 480 et
971 418 1214 496 oppugnatoribus

74 507 118 564 est
139 503 208 575 risa,
230 504 359 578 utrisque
371 504 450 564 venit
470 505 501 563 in
522 505 688 579 opinionem,
711 504 824 578 signum
845 521 863 562 6
884 503 1038 564 classiariis
1059 502 1145 576 regiis
1165 501 1215 559 16-

72 590 145 646 tum:
176 587 237 657 Quo
258 587 365 645 factum
386 591 438 659 est,
460 590 494 646 ut
514 591 544 646 et
562 588 643 647 Parii
663 607 680 646 6
701 587 839 648 deditione
860 587 1076 658 deterrerentur,
1099 588 1128 645 et
1148 584 1214 642 1111-
1235 579 1258 641 4

72 670 164 730 tiedes
190 670 301 741 timens,
329 687 366 729 ne
390 667 490 730 classis
517 671 597 744 regia
622 672 795 742 adventaret,
822 669 946 729 incensis
972 669 1113 744 operibus,
1141 682 1214 741 quae

73 756 224 824 statuerat,
248 770 312 811 cunr
323 752 439 813 totidem
458 753 587 825 navibus,
612 757 697 827 atque
711 753 945 828 eratprofectus,
966 753 1094 811 Athenas
1110 766 1216 823 magna

74 854 140 896 cunr
159 835 311 895 offensione
326 835 429 895 civium
443 853 560 896 suorum
572 837 687 896 rediret.
721 838 883 896 Accusatus
897 851 965 909 ergo
980 838 1024 895 est
1037 831 1214 909 proditionis,
1235 829 1262 890 5·

73 919 157 992 quod,
180 935 245 977 cunr
263 920 371 977 Parum
391 936 554 993 expugnare
575 921 680 993 posset,
700 937 719 977 a
739 937 807 993 rege
824 921 974 993 corruptus
995 917 1109 979 iniectis
1129 917 1216 976 rebus

74 1001 261 1060 discessisset.
295 1002 337 1060 Eo
360 1005 484 1076 tempore
505 1019 594 1079 efflei.
607 1005 671 1071 erat
686 1001 859 1075 uulneribus,
882 1019 954 1075 quae
974 1000 1005 1060 in
1026 998 1214 1074 oppugnando

74 1084 175 1158 oppido
198 1087 355 1158 acceperat.
389 1086 499 1159 Itaque,
522 1084 667 1160 cumipse
688 1101 739 1160 pro
761 1103 792 1144 se
812 1085 903 1144 dicere
924 1100 983 1154 non
1002 1086 1107 1158 posset,
1128 1081 1216 1141 verba
1290 1128 1323 1159 ,J

74 1166 143 1227 fecit
156 1167 245 1226 frater
260 1167 321 1226 eius
334 1168 510 1242 Stesagoras.
546 1169 638 1228 Causa
653 1168 776 1247 cognita,
800 1167 901 1243 capitis
916 1168 1072 1238 absolutus,
1093 1162 1216 1240 pecunia
1237 1159 1272 1222 61
1284 1180 1310 1235 ,ε

74 1251 211 1309 multatus
231 1253 284 1321 est,
308 1267 395 1324 eaque
415 1251 450 1310 lis
472 1250 677 1324 quinquaginta
695 1250 812 1310 talentis
839 1250 988 1310 aestimata
1013 1252 1065 1321 est,
1092 1250 1216 1322 quantus

74 1333 106 1392 in
131 1335 250 1392 classem
275 1336 404 1407 sumptus
428 1334 523 1393 factus
548 1336 619 1392 erat.
664 1335 748 1392 Hanc
777 1333 927 1409 pecuniam
952 1333 1026 1406 quod
1051 1328 1222 1393 solverejn
1241 1332 1330 1399 ,176

69 1498 344 1575 6111166666...

136 1580 192 1640 Hic
206 1581 260 1640 etsi
275 1581 390 1640 crimine
403 1581 489 1640 Pario
504 1584 548 1641 est
563 1584 724 1653 accusatus,
746 1584 841 1640 tamen
855 1580 912 1640 alia
930 1598 1018 1640 causa
1031 1578 1087 1639 fuit
1101 1579 1216 1637 damne-
1235 1569 1258 1642 8
1303 1602 1306 1607 ·

74 1663 172 1723 tionis.
205 1665 334 1738 Namque
347 1664 534 1725 Athenienses
555 1668 671 1739 propter
686 1664 833 1724 Pisistrati
850 1664 1035 1739 tyrannidem,
1058 1679 1130 1751 quae
1144 1678 1217 1736 pau-

75 1747 117 1807 cis
132 1746 215 1806 annis
230 1749 297 1806 ante
311 1747 413 1819 fuerat,
429 1747 553 1807 omnium
567 1747 670 1807 civium
684 1763 800 1807 suorum
812 1746 969 1822 potentiam
988 1744 1217 1806 extimescebant.

73 1829 224 1901 Miltiades,
239 1830 360 1888 multum
373 1831 404 1889 in
417 1829 541 1904 imperiis
554 1831 824 1911 magistratibusque
837 1833 977 1902 versatus,
999 1846 1057 1888 non
1070 1828 1218 1888 ridebatur
1238 1822 1258 1883 2

73 1929 159 1988 posse
171 1929 232 1971 esso
243 1912 379 1986 privatus,
394 1912 562 1986 praesertim
576 1921 641 1972 cum
651 1908 858 1973 consuetudine
868 1913 904 1971 ad
914 1912 1025 1987 imperii
1035 1902 1218 1985 cupiditatem

74 2088 193 2156 mbglich
209 2104 271 2153 war,
288 2088 345 2142 also
361 2088 432 2142 wohl
448 2086 496 2141 auf
510 2038 588 2141 einer
600 2088 646 2142 der
662 2089 692 2142 16
708 2089 754 2142 der
769 2087 847 2141 Neue
862 2087 1003 2156 liegenden
1019 2087 1125 2150 Inseln3
1148 2090 1218 2139 66611

74 2151 1219 2286 1111176661161111111111111167611111111111
1306 2239 1309 2245 -

109 2287 194 2340 meint
210 2260 278 2349 sind,
296 2239 343 2340 (161
358 2263 493 2354 singular,
512 2303 589 2341 weun
604 2257 752 2351 66166161,
771 2259 859 2354 regiis,
882 2287 928 2340 des
944 2287 1145 2354 Perserlrbnigs,
1168 2284 1220 2338 wie

141 2352 185 2406 die
202 2351 332 2407 Griechen
350 2352 480 2407 ebenfalis
497 2352 583 2407 durch
600 2352 647 2406 das
665 2353 772 2407 einfach
788 2351 911 2422 βασιλεύς
927 2352 1100 2416 1666161666;
1119 2357 1218 2412 datum,

75 2435 273 2539 ergffiissssm,
290 2499 338 2536 aus
354 2483 463 2546 hhrrcht
481 2500 510 2538 so
522 2484 592 2539 auch
602 2502 718 2552 sparsas,
735 2490 888 2539 6666666666
901 2502 926 2538 u.
940 2500 961 2538 s.
972 2501 1004 2539 rr.
1019 2486 1057 2539 im
1067 2482 1220 2538 Deutschen

77 2551 162 2606 durch
182 2552 225 2604 ein
250 2549 408 2604 Substantir
429 2552 480 2604 mit
502 2550 575 2604 einer
595 2550 777 2620 Prdpesitiom
803 2569 863 2606 ecre
884 2557 989 2605 totidem
1005 2581 1035 2591 -
1055 2558 1149 2618 etque:
1169 2551 1221 2603 mit

77 2618 144 2672 eben
160 2632 189 2670 so
206 2616 309 2715 6161-
324 2616 418 2695 als-Z.
435 2618 459 2686 ξ.
478 2621 527 2670 346
543 2619 641 2695 16666
659 2635 752 2738 thaam
775 2634 870 2682 cum-o
889 2622 1006 2695 cesioneg
1029 2633 1090 2713 sum
1110 2631 1221 2704 grossos

76 2683 221 2760 Yerdruss,
240 2700 300 2760 6666
319 2683 472 2737 bezeichnet
487 2682 539 2737 den
554 2682 690 2750 beglerteu
707 2682 867 2738 enUmstan
886 2723 892 2748 ,
911 2682 952 2737 oft
965 2687 1017 2737 mrt
1041 2686 1136 2748 unter,
1158 2681 1223 2736 oder

79 2750 131 2804 urie
147 2746 206 2803 brer
221 2751 272 2802 rnrt
288 2750 337 2802 ‘zu'
356 2766 390 2802 nu
406 2750 569 2803 iibersetzen.
1255 2758 1258 2763 '

130 2821 154 2869 5.
182 2818 332 2871 doceamus
344 2819 514 2883 proditionis,
536 2816 563 2869 S.
581 2815 605 2883 §.
626 2817 684 2869 495.
706 2815 734 2869 Ζ.
755 2817 779 2884 ξ.
800 2818 863 2878 446;
886 2820 985 2882 obsecres
1006 2817 1102 2870 redas:
1124 2829 1219 2867 unver-

78 2882 207 2964 richteter
222 2881 319 2946 Sache;
336 2887 364 2935 ic
381 2887 550 2951 oppugnando
569 2886 668 2951 oppido,
687 2882 713 2935 S.
731 2883 754 2951 ᾗ,
772 2884 829 2936 763.
848 2883 876 2936 Ζ.
894 2884 917 2952 ᾖ.
935 2883 999 2952 6673
1020 2884 1098 2935 verda
1107 2884 1181 2948 secet,
1199 2896 1221 2934 s.

78 2948 379 3082 ποξῒθ11161161666616,
397 3030 418 3068 s.
435 3013 581 3076 Wbrterb.;
605 3018 697 3082 capitis
721 3017 868 3077 absolutus,
892 3015 920 3068 S.
945 3016 969 3082 ξ.
991 3017 1048 3068 495.
1072 3014 1104 3067 Ζ.·
1134 3014 1222 3074 ,446ς

80 3087 174 3149 cepitis
191 3084 337 3142 obsoletus,
349 3086 464 3148 pecunia
480 3085 611 3134 multatus
628 3087 682 3134 est:
696 3080 786 3135 wurde
802 3097 831 3134 er·
847 3096 901 3134 von
917 3080 963 3135 der
973 3081 1100 3134 Todesstr
1128 3096 1142 3131 6
1158 3079 1237 3132 bei-⁴

78 3147 249 3216 gesprochen,
266 3147 339 3210 aber;
355 3176 390 3185 -
405 3147 444 3199 im
459 3147 563 3200 161616
581 3146 686 3200 werden
706 3146 790 3201 durch
807 3146 964 3215 Weglassen
986 3146 1033 3201 der
1048 3146 1222 3200 Adversetiv·
1231 3188 1235 3215 ,

79 3214 196 3283 partihei
220 3213 263 3266 die
288 3211 453 3280 Gegensdtze
476 3213 609 3281 gehoben;
634 3221 753 3281 quantas
778 3228 807 3268 so
833 3213 888 3267 viel
911 3214 952 3267 als
976 3231 1037 3267 cam
1063 3220 1170 3276 touton
1195 3215 1232 3265 in:

75 3284 236 3350 praeseutia,
254 3295 276 3332 s.
292 3279 432 3344 Wdrterb,
450 3279 476 3333 S.
493 3281 518 3348 ς.
536 3281 593 3332 529.
1227 3290 1229 3295 ·

79 3412 144 3509 (7616.
158 3411 232 3458 vm.
257 3409 311 3457 Der·
325 3411 488 3467 cigentliche
501 3411 594 3457 Grund
608 3411 656 3460 der
670 3411 887 3469 Verurthellung
901 3412 946 3458 des
960 3411 1094 3459 Miltiades
1108 3423 1166 3457 war
1180 3411 1224 3457 dle

106 3465 889 3578 „creassessecessisse-sedereque
909 3469 1070 3523 “rerer
1180 3467 1224 3514 ⁶¹⁰
1284 3506 1295 3519 f

134 3607 157 3656 1.
174 3608 281 3657 momine
297 3607 396 3658 Pcrr‘o:
416 3620 509 3671 wegen
531 3604 577 3658 des
598 3604 651 3658 Ver
670 3605 758 3670 ehens,
780 3607 874 3660 dessen
896 3623 958 3660 man
979 3607 1028 3660 ihn
1048 3608 1225 3662 hinsichtlich

81 3669 130 3722 der
152 3669 226 3746 16661
247 3670 329 3747 Paros
352 3671 543 3738 beschuldigte.
577 3619 727 3725 11615616-
750 3672 807 3726 661
824 3673 1054 3728 Personennamen
1074 3673 1225 3729 hildendic

81 3734 555 3804 1616666111661166,6161116166
571 3738 621 3790 wir
641 3752 692 3791 uns
715 3737 788 3791 einer
809 3738 909 3792 andern
925 3736 1048 3793 Wendun
1088 3741 1224 3796 bedienen.

21 3848 23 3852 ,
44 3816 47 3821 ·
80 3802 110 3855 Ζ.
122 3803 148 3871 6.
159 3802 208 3855 683
219 3819 245 3856 6
258 3805 320 3866 684;
337 3807 476 3857 Pisistrati
484 3808 664 3872 tyrannidem:
675 3804 714 3857 sie
726 3804 835 3859 dauerte
845 3807 897 3858 mit
907 3805 1038 3860 Unterbre
1073 3823 1161 3871 uugen
1172 3824 1226 3862 von

76 3871 133 3922 ’666
149 3868 192 3921 bis
206 3871 263 3932 526,
281 3869 336 3923 und
346 3870 464 3923 insolern
475 3870 598 3938 augleich
610 3869 652 3923 die
663 3870 758 3924 beiden
769 3871 911 3926 Sdhnedes
923 3872 1092 3938 Pisistratus,
1109 3872 1225 3945 Hippias

81 3935 138 3988 und
148 3933 295 4004 Hippos-roh,
312 3937 430 4003 gemeint
442 3936 510 4002 sind,
527 3937 569 3998 bis
583 3940 645 3998 510;
681 3942 923 4000 66616666166666,
942 3938 969 3993 S.
987 3940 1010 4006 ξ.
1024 3942 1081 3992 529.
1094 3940 1121 3994 Ζ.
1139 3943 1225 4009 §dre

134 4004 158 4055 2.
174 4006 290 4056 multem
314 4033 348 4041 -
373 4010 512 4056 versatus:
537 4003 583 4056 der
607 4001 647 4056 oft
694 4003 955 4059 eiehlsheberstelien
979 4005 1112 4061 bekleidet
1135 4007 1225 4073 1661163

70 4067 293 4123 ,6661661166
311 4068 433 4133 rielfach,
450 4067 505 4136 oitq'r
523 4072 725 4137 magistratibus,
743 4086 764 4125 e.
781 4070 912 4125 Wbrterb.
1083 4068 1085 4075 ⁸
