2684 4478
73 317 78 326 ι
142 231 181 288 92
562 231 620 290 ΧΧ.
663 229 868 290 TIMOLEON.

44 460 47 464 .
104 413 127 480 4
205 413 271 472 Huc
296 415 329 470 ut
354 414 521 486 perventum
546 415 598 483 est,
629 429 692 471 oum
714 415 829 487 propter
853 417 975 474 aetatem
1000 415 1118 489 pedibus
1145 413 1202 471 iam
1230 429 1293 471 non.

107 513 110 520 ’
144 497 250 555 valeret
270 495 454 568 vehiculoque
475 498 646 569 portaretur,
669 496 767 568 magni
788 513 944 555 concursus
966 500 1035 556 sunt
1054 496 1133 568 facti,
1156 513 1222 554 cum
1241 495 1291 553 alii

144 578 357 638 reminiscentes
378 578 481 638 veteris
505 578 605 648 famae,
635 579 739 638 aetatis
767 579 976 651 misererentur,
1007 579 1121 654 plurimi
1149 594 1216 637 vero
1246 578 1291 636 ira

53 722 57 729 ,
145 664 351 722 exacuerentur
371 664 487 736 propter
508 660 675 736 proditionis
697 662 886 736 suspicionem
902 662 991 721 Piraei
1010 663 1193 735 maximeque,
1216 660 1292 734 quod

105 747 123 805 2
145 745 278 805 adversus
299 744 398 818 populi
419 745 562 802 commoda
582 744 613 802 in
629 747 775 804 senectute
796 748 924 804 steterat.
967 745 1062 825 Quare
1082 762 1119 803 ne
1139 743 1292 818 perorandi

145 828 256 903 quidem
277 827 303 886 ei
324 828 391 886 data
412 830 455 886 est
474 826 650 886 facidtas'in
663 827 783 899 iudieio;
805 827 939 901 legitimis
961 828 1127 901 quibusdam
1142 825 1289 896 confectis,

39 954 60 975 ,-
146 913 295 970 damnatus
315 909 437 969 traditus
460 912 504 968 est
524 909 731 982 undecimviris,
754 911 857 984 quibus
873 911 908 969 ad
926 911 1095 986 supplicium
1108 926 1187 968 more
1200 909 1291 967 Athe·

106 999 124 1057 3
145 995 286 1054 niensium
305 992 417 1067 publice
438 992 563 1051 damnati
582 993 657 1052 tradi
678 995 778 1052 solent.
799 994 856 1052 Hic
871 1011 934 1052 curn
949 995 985 1052 ad
997 994 1116 1053 mortem
1130 993 1290 1061 duceretur,

147 1078 246 1136 obvius
268 1077 295 1135 ei
314 1076 370 1134 fuit
383 1076 561 1151 Euphiletus,
584 1093 639 1149 quo
660 1075 839 1136 familiariter
851 1076 946 1135 fuerat
966 1094 1046 1136 usus.
1074 1078 1105 1135 Is
1126 1092 1191 1135 eum
1204 1073 1291 1133 lacri-

145 1178 226 1219 mans
248 1159 378 1219 dixisset:
401 1158 523 1232 Oquem
537 1158 655 1231 indigna
667 1159 832 1232 perpeteris,
854 1159 996 1219 Phocion!
1019 1159 1085 1219 huic
1099 1156 1156 1228 ille,
1178 1158 1219 1216 At
1233 1173 1293 1214 nou

146 1243 301 1316 inopinata,
330 1241 436 1315 inquit:
463 1244 538 1300 hunc
565 1241 639 1300 enim
669 1242 775 1301 exitum
803 1242 929 1316 plerique
954 1242 1025 1302 clari
1050 1242 1104 1301 viri
1131 1241 1293 1299 habuerunt

83 1330 126 1401 ,4
146 1326 344 1385 Athenienses.
372 1325 408 1382 In
428 1325 482 1382 hoc
503 1327 615 1383 tuntum
633 1324 690 1383 fuit
711 1325 803 1384 odium
823 1325 1021 1396 multitudinis,
1044 1328 1077 1384 ut
1097 1339 1179 1383 nemo
1203 1340 1292 1382 ausus

147 1409 185 1467 sit
205 1426 270 1468 eum
289 1407 360 1467 liber
382 1408 509 1482 sepelire.
551 1409 652 1480 Itaque
673 1425 691 1466 a
711 1407 801 1468 servis
822 1410 951 1482 sepultus
973 1412 1024 1467 est.

530 1567 615 1638 XX.
658 1567 909 1639 TIMOLEON.

17 1748 21 1753 ·
105 1707 126 1780 Ι1
209 1708 372 1763 anonnou
392 1702 563 1762 corinthius.
586 1703 653 1763 Sine
674 1704 757 1765 dubio
779 1723 900 1779 magnus
919 1703 1044 1764 omnium
1057 1701 1159 1762 iudicio
1181 1701 1228 1760 hic
1249 1698 1294 1758 vir

149 1788 267 1847 exstit't.
288 1789 417 1859 Namque
432 1786 497 1845 huic
511 1785 562 1845 uni
577 1787 706 1860 contigit,
722 1789 796 1862 quod
810 1788 905 1847 nescio
921 1806 958 1845 en
972 1787 1052 1859 nulli,
1070 1789 1104 1845 ut
1118 1788 1147 1846 et
1160 1783 1300 1860 petriam,

149 1871 179 1930 in
200 1889 256 1945 qua
277 1873 339 1929 eret
359 1872 454 1939 natus,
477 1885 640 1943 oppressam
655 1888 672 1928 a
686 1874 807 1945 tyranno
822 1871 956 1930 liberaret
975 1873 1004 1930 et
1018 1887 1036 1928 a
1049 1868 1207 1944 Syracusis,
1229 1866 1294 1939 qui-

149 1956 203 2013 hus
218 1953 321 2012 auxilio
337 1956 399 2011 erat
414 1951 526 2022 missus,
549 1952 610 2011 iam·
626 1952 812 2013 inveteratam
833 1953 998 2013 servitutem
1015 1952 1168 2027 depelleret
1187 1952 1293 2008 totaru-

148 2055 202 2112 que
217 2036 348 2107 Siciliam,
364 2037 469 2094 multos
484 2051 573 2094 anuos
588 2036 661 2094 hello
675 2040 804 2096 vexatam
818 2055 836 2095 a
849 2036 1035 2109 barbarisque
1049 2050 1222 2109 oppressam,
1239 2047 1290 2091 suo

109 2124 128 2186 2
151 2121 273 2180 adventu
288 2119 319 2178 in
332 2118 484 2194 pristinum
497 2118 670 2178 restitueret.
686 2170 689 2174 .
704 2120 758 2179 Sed
771 2120 802 2179 in
815 2119 858 2179 his
873 2120 958 2180 rebus
972 2135 1029 2177 non
1043 2116 1166 2193 simplici
1178 2115 1295 2175 fortune

151 2203 333 2262 conflictatus
355 2205 400 2261 est
421 2205 458 2272 ct,
478 2201 507 2259 id
528 2201 603 2275 quod
623 2202 766 2263 difficilius
787 2205 914 2277 putatur,
927 2203 1025 2261 multo
1048 2199 1206 2275 sapientius
1226 2197 1296 2256 tulit

101 2286 301 2351 fiseeundam
321 2303 405 2360 quam
426 2285 571 2344 adversam
592 2285 744 2344 fortunam.
771 2286 846 2344 Nem
867 2303 932 2345 cum
952 2287 1042 2344 irater
1064 2283 1125 2343 eius
1138 2282 1293 2355 Timopha-

150 2387 210 2441 nes,
237 2369 293 2428 dux
318 2386 336 2426 a
357 2367 510 2427 Corinthiis
538 2368 672 2440 delectus,
698 2368 876 2443 tyrannidem
901 2387 952 2443 per
975 2367 1079 2427 milites
1103 2363 1293 2426 mercenarios

151 2529 271 2632 0αᾶτέῐῖ
283 2529 402 2575 Phocion
415 2528 485 2573 wlrd
498 2536 594 2583 wegen
607 2528 654 2572 des
664 2527 816 2575 verdoohts
826 2529 873 2574 des
883 2528 1018 2576 Verruths
1032 2528 1081 2574 mit
1093 2528 1154 2575 dem
1163 2524 1236 2587 ’lodo
1250 2522 1293 2568 he·

203 2654 224 2706 1.
237 2654 349 2720 pedibus
364 2666 416 2702 noo
431 2653 544 2702 voleret:
560 2648 682 2702 schwach
700 2648 748 2703 auf
763 2649 815 2703 den
830 2649 933 2703 Elissen
950 2666 1018 2710 werr
1036 2666 1097 2703 cum
1114 2652 1177 2702 atii:
1195 2644 1292 2699 indem.

202 2722 225 2770 2.
243 2721 338 2780 Quare,
360 2715 421 2769 weil
443 2730 472 2768 er
487 2714 610 2768 verhasst
632 2731 699 2778 war3
721 2716 762 2769 als
784 2731 813 2770 er
834 2717 893 2770 sich
909 2733 956 2769 vor
973 2715 1085 2771 Gerioht
1105 2711 1292 2778 vertheidigte,

151 2784 240 2838 wurde
256 2801 285 2837 er
302 2785 370 2836 stete
387 2797 439 2835 von
456 2779 502 2833 der
518 2780 651 2834 tohenden
666 2781 844 2850 Volksmenge
867 2782 1074 2843 unterbroehen;
1115 2782 1237 2834 crorumtt
1244 2780 1293 2842 fc-

151 2856 244 2912 cultos,
264 2850 291 2902 S.
303 2851 327 2917 ᾖ.
339 2852 396 2900 765.
414 2847 442 2900 Ζ.
455 2849 477 2914 ς.
490 2850 552 2909 659;
569 2852 685 2915 thr'timc's
702 2851 860 2917 quibusdam
875 2852 1007 2917 confectos:
1022 2847 1092 2902 nach
1126 2844 1295 2910 eobaohtung

170 2917 277 2969 ewisser
301 2913 476 2982 gesetulicher
496 2913 621 2976 Formem
647 2914 718 2969 diese
738 2913 963 2970 Formhcmeie'en
984 2930 1073 2968 waren
1097 2912 1140 2967 die
1162 2911 1293 2977 Anklage,

176 2981 366 3049 ertheidiguug
382 2979 437 3032 und
458 2978 504 3033 das
521 2979 639 3044 Urthei13
664 2982 727 3035 eber
747 2981 789 3036 die
806 2982 1020 3050 Vertheidigung
1040 2979 1129 3034 wurde
1152 2978 1230 3032 nicht
1247 2992 1292 3044 ge·

152 3051 257 3111 stettet,
276 3048 357 3101 daher
374 3049 545 3113 quibusdam,
563 3051 744 3101 cndemmctri:
763 3047 807 3101 die
823 3047 985 3112 lllfmtnner,
1005 3063 1053 3100 aus
1071 3045 1130 3101 dem
1145 3044 1231 3098 Volke
1247 3058 1292 3161 ᾗ·

152 3115 245 3177 wthlt
269 3114 348 3168 deren
364 3113 429 3165 Amt
452 3129 480 3166 es
496 3128 559 3175 war,
584 3113 682 3167 darauf
699 3131 731 3167 zu
753 3114 842 3179 sehon,
864 3114 925 3168 does
948 3113 990 3168 die
1006 3112 1128 3167 Urtheile
1145 3111 1230 3165 duroh
1270 3125 1294 3161 re

151 3182 259 3236 Henker
275 3179 421 3247 gesetzlich
438 3178 575 3247 vollzogen
591 3180 711 3245 werden3
724 3183 845 3248 publice:
862 3181 947 3235 durch
963 3180 1006 3234 die
1023 3179 1231 3246 Staatsgesetze.

201 3252 226 3301 4.
243 3251 277 3300 Io
292 3250 352 3300 doc:
367 3261 453 3312 gegen
469 3245 531 3309 ihn;
548 3263 627 3308 acmo,
646 3246 716 3310 kain,
735 3247 762 3300 Z.
781 3248 804 3315 ξ.
823 3249 879 3300 676.

598 3360 658 3415 XX,
692 3361 848 3416 Truonuou.

143 3463 249 3566 suffiti.
262 3461 398 3563 'l'lmolefn
412 3460 702 3562 ¹³⁸'‘4⁸⁰¹¹¹3}¹„⁸¹“⁶⁰”
716 3462 819 3514 thdten,
833 3473 878 3507 um
891 3460 1151 3506 seluervaterstadt
1165 3460 1209 3505 dle
1222 3458 1295 3504 ruel-

197 3531 226 3640 0l.
245 3521 361 3654 ἔοῗιέῖῗ
372 3520 491 3652 13:¹83}
509 3530 567 3638 383.
584 3546 611 3637 Z:
629 3585 653 3652 §-
670 3585 733 3647 6213
750 3589 822 3650 quod
835 3589 918 3638 nescio
936 3602 971 3638 oo
987 3587 1073 3638 nolu:
1089 3599 1143 3637 was
1161 3583 1297 3638 vielleicht

152 3653 256 3707 keiuem
273 3682 325 3735 -,”
333 3653 360 3706 S.
377 3653 400 3772 ἱ
418 3654 475 3714 620,
494 3650 521 3704 Ζ.
538 3650 562 3719 5.
581 3653 631 3704 364
646 3666 673 3703 u.
690 3653 753 3713 7213
770 3667 788 3703 a
799 3653 924 3716 barbarie,
944 3650 995 3704 den
1008 3648 1186 3718 Carthagerm
1201 3656 1296 3719 prieti·

88 3798 93 3805 ’
142 3738 224 3840 ΜΞ
238 3719 420 3840 sorooewg'iatfflttc'o'
431 3787 558 3850 fortuna:
579 3798 632 3835 von
648 3781 725 3836 nicht
744 3781 899 3848 einlachem‚
923 3783 948 3837 d.
965 3784 992 3837 h
1014 3783 1092 3837 nicht
1110 3781 1296 3849 durchgh'ngig

141 3852 288 3984 {bighgffl
306 3850 497 3987 taiecgseqlffem
517 3848 660 3910 Geschiclr3
678 3853 837 3917 conplectatur
854 3858 899 3912 cet,
917 3850 977 3904 hier
992 3848 1154 3920 passivisch3
1173 3851 1202 3902 id
1219 3853 1298 3917 qood,

175 3958 182 3972 ι
201 3989 224 4038 3
238 3958 325 4052 posset
336 3953 408 4048 nesse,
426 3957 550 4037 Weehsel
565 3980 612 4034 des
631 3980 765 4047 Subjects,
783 3981 920 4036 Timoleon
936 3982 1066 4043 ntmlioh3
1090 3986 1246 4035 antetulerit
1267 4012 1297 4020 —

30 4072 34 4078 ·
145 4057 268 4113 duxerit,
287 4051 320 4105 cf.
338 4051 409 4105 Mitt.
426 4055 450 4115 5,
468 4055 491 4103 5.
