2684 4478
393 236 818 298 circummurale.
928 225 950 280 l
1048 189 1051 198 ‘
1171 236 1230 296 107
1319 253 1321 256 ·

58 445 60 449 ¹
149 420 197 481 Sic
211 419 388 480 conservatis
407 420 468 479 'suis
488 421 573 480 rebus
586 421 709 491 Poenus,
731 421 822 480 illusis
844 421 1024 482 Cretensibus
1046 421 1174 480 omnibus
1196 416 1281 485 adli)

84 503 222 566 Prusiam
236 502 267 560 in
280 505 404 562 Pontum
418 503 556 577 pervenit.
591 503 676 579 Apud
691 522 772 580 quem
787 505 882 563 eodem
897 505 990 564 animo
1004 504 1059 564 tuit
1081 521 1149 578 erga
1169 505 1230 562 Ita·
1337 512 1338 517 ’

88 589 166 660 liam,
189 604 279 660 neque
293 586 370 644 aliud
384 587 533 660 quicquam
548 586 615 660 egit,
638 604 721 661 quam
735 605 829 660 regem
845 587 964 663 armavit
986 591 1015 646 et
1036 587 1161 647 exercuit
1181 586 1231 644 ad·

88 688 192 732 versus
215 670 366 728 Romanos.
410 669 498 740 Quem
526 686 590 728 cum
616 670 723 730 videret
743 671 904 730 domesticis
930 670 1030 745 opibus
1055 671 1148 730 minus
1171 687 1231 738 esse
1262 669 1281 726 2

86 754 247 824 robustum,
261 751 432 812 conciliabat
445 755 554 812 ceteros
568 770 659 825 reges,
676 753 849 826 adiungebat
858 755 1007 813 bellicosas
1016 753 1155 812 nationes.
1166 752 1232 811 Dis-

90 838 201 898 sidebat
212 838 248 894 ab
259 853 292 896 eo
306 837 500 909 Pergamenus
510 853 560 895 rex
566 837 715 908 Eumenes,
727 837 862 896 Romanis
873 836 1067 907 amicissimus,
1076 837 1234 908 bellumque

89 918 165 981 inter
180 935 227 979 eos
243 920 395 993 gerebatur
410 921 438 977 et
451 919 524 976 mari
538 922 567 979 ot
580 920 671 992 terra,
691 937 745 994 quo
760 920 851 993 magis
866 921 998 994 cupiebat
1013 937 1076 978 eum
1090 919 1234 977 Hannibal

91 1001 222 1079 opprimi.
266 1002 320 1061 Sed
345 1001 495 1076 utrobique
515 1003 656 1062 Eumenes
682 1005 746 1077 plus
772 1005 886 1062 valebat
909 1006 1025 1078 propter
1043 1003 1232 1061 Romanorum
1263 999 1282 1057 3

91 1082 266 1147 societatem.
299 1085 388 1155 Quem
403 1085 428 1143 si
441 1084 615 1156 removisset,
636 1085 766 1145 faciliora
780 1086 836 1144 sibi
850 1089 944 1146 cetera
956 1087 1017 1145 fore
1032 1085 1232 1144 arbitrabatur.

88 1171 231 1230 Ad’hunc
252 1168 478 1245 interficiendum
497 1169 584 1226 talem
609 1167 676 1226 iniit
699 1169 846 1229 rationem.
889 1171 986 1228 Classe
1014 1169 1115 1244 paucis
1136 1168 1233 1226 diebus
1263 1165 1283 1222 4

90 1256 174 1314 erant
195 1249 345 1312 decreturi.
373 1245 566 1325 superabatur
586 1251 700 1310 nauium
720 1252 913 1324 multitudine;
936 1253 998 1311 dolo
1020 1254 1082 1310 erat
1103 1268 1233 1325 pugnan-

90 1339 166 1407 dum,
189 1352 253 1394 cum
273 1352 326 1408 par
347 1350 405 1392 non
424 1337 499 1393 esset
520 1334 615 1393 armis.
645 1334 797 1409 Imperavit
818 1336 1058 1410 quamplurimas
1080 1336 1233 1393 venenatas
1298 1390 1300 1397 ,
1332 1392 1333 1395 ,

91 1422 239 1494 serpentes
260 1417 339 1477 rivas
354 1416 449 1490 colligi
463 1434 566 1490 easque
580 1417 693 1476 invasa
708 1417 806 1476 fictilia
821 1419 922 1477 conici.
949 1419 1060 1496 Harum
1082 1435 1145 1476 cum
1167 1418 1233 1475 eile-
1264 1415 1282 1471 5
1339 1420 1341 1427 “

90 1503 179 1562 cisset
198 1517 330 1574 magnam
350 1499 566 1570 multitudinem,
590 1500 633 1559 die
654 1501 724 1575 ipso,
748 1518 802 1574 quo
816 1501 945 1560 facturus
960 1504 1022 1560 erat
1035 1502 1135 1559 navale
1151 1516 1234 1574 proe-
1296 1549 1298 1553 ,

88 1586 169 1657 lium,
186 1583 348 1644 classiarios
363 1586 500 1641 convocat
513 1583 603 1658 iisque
624 1584 771 1659 praecipit,
794 1601 890 1643 omnes
905 1586 939 1642 ut
955 1584 987 1642 in
1000 1600 1087 1643 unam
1099 1581 1234 1641 Eumenis

89 1669 167 1742 regis
189 1669 361 1726 concurrant
375 1683 483 1737 navem,
507 1666 641 1726 coeteris
655 1670 767 1726 tantum
789 1667 860 1727 satis
880 1669 1005 1726 habeant
1025 1684 1057 1726 se
1076 1666 1233 1725 defendere.

90 1752 125 1813 Id
145 1752 208 1810 illos
221 1750 306 1808 facile
320 1749 492 1824 serpentium
506 1749 684 1830 multitudine
699 1754 911 1810 consecuturos.
933 1752 993 1809 Rex
1008 1753 1110 1821 autem,
1133 1749 1234 1821 inqua
1264 1745 1282 1801 6

90 1853 163 1895 nave
183 1833 342 1904 veheretur,
364 1836 398 1891 ut
419 1831 534 1903 scirent,
557 1850 588 1892 se
609 1833 761 1892 facturum.
791 1834 879 1904 Quem
900 1834 926 1892 si
947 1837 997 1893 aut
1019 1833 1162 1907 cepissent
1183 1834 1235 1890 aut

90 1917 308 1986 interfecissent,
330 1930 433 1988 magno
454 1914 499 1974 his
520 1915 670 1990 pollicetur
691 1917 814 1991 praemio
835 1917 905 1975 fore.

54 2071 56 2076 ¹
122 2072 124 2075 Ι
153 2000 216 2059 Tali
232 1998 425 2058 cohortatione
439 1999 559 2057 militum
573 1999 658 2071 facte,
683 2001 783 2060 classis
798 2002 833 2059 ab
847 2001 975 2072 utrisque
990 1999 1021 2059 in
1035 1998 1172 2073 proelium
1186 1998 1234 2055 de·
1244 1990 1281 2058 ll

54 2093 57 2098 '
92 2084 215 2144 ducitur.
251 2081 377 2154 Quarum
399 2081 459 2140 acie
480 2082 636 2141 const'tuta
657 2082 821 2157 priusquam
841 2083 954 2156 signum
974 2100 1086 2157 pugnae
1108 2083 1233 2151 daretur,

90 2167 243 2237 Hannibal,
266 2166 300 2224 ut
313 2167 407 2240 palam
425 2164 533 2226 faceret
553 2165 621 2236 cuir,
645 2183 699 2240 quo
714 2167 775 2225 loco
790 2167 929 2225 Eumenes
952 2170 1034 2237 esset,
1056 2163 1235 2224 tabellarium

90 2252 122 2310 in
144 2251 251 2324 scapha
272 2265 336 2307 cum
358 2249 479 2306 caduceo
499 2247 596 2307 mittit.
637 2248 692 2319 oui
712 2249 763 2308 ubi
776 2251 814 2309 ad
825 2267 911 2308 naves
926 2249 1150 2307 adversariorum
1168 2264 1233 2320 per·
1264 2243 1283 2300 2

91 2422 516 2554 ὒῗὲὶθΧέθΕὲθίὲξξιἎίκθαέἔέᾕω,
530 2441 620 2497 Kbnig
634 2453 687 2488 von
695 2442 849 2497 Bithyniam,
863 2443 918 2488 und
931 2443 1001 2488 relat
1015 2441 1161 2488 denselben
1174 2449 1234 2484 num

144 2585 165 2634 1.
183 2585 241 2634 cair
266 2581 361 2633 redas:
386 2578 444 2631 sein
467 2577 627 2647 Vermbgen;
653 2583 767 2641 Poeaus,
792 2581 843 2634 mit
869 2581 1038 2634 besonderem
1060 2579 1233 2640 Nachdrrrclc3

92 2654 185 2704 illasio
204 2647 379 2707 walnerius,
401 2661 429 2697 so
453 2645 503 2699 wie
520 2645 563 2699 dic
579 2645 678 2698 Punier
695 2663 782 2700 waren
802 2648 870 2700 auch
890 2648 932 2701 die
950 2647 1041 2702 Creten
1056 2663 1148 2714 wegen
1163 2646 1236 2699 ihrer
1274 2651 1277 2657 '
1338 2661 1340 2664 ’

92 2713 247 2770 Schlaaheit
264 2712 395 2775 berdhmt,
416 2710 537 2765 dennoch
558 2713 699 2767 iiberlistet
722 2713 957 2781 siederPunie13
982 2732 1042 2783 erpa
1059 2718 1176 2776 Italiam,
1201 2713 1233 2765 cf.
1304 2764 1306 2769 ,

91 2783 148 2836 Α10.
173 2784 197 2843 4,
222 2784 253 2842 4;
274 2796 355 2846 qaam
370 2795 400 2843 re
414 2795 453 2830 cm
469 2785 581 2832 amavit
596 2786 621 2832 ct
645 2785 762 2834 coercuit
779 2785 908 2835 adversae
925 2784 1069 2849 Romanor:
1091 2780 1131 2833 als
1153 2780 1235 2832 reizte

92 2849 143 2902 den
158 2847 249 2916 Konig
265 2861 299 2899 zu
315 2845 367 2898 deu
382 2799 486 2897 11011001
504 2846 557 2897 und
575 2846 737 2900 bearbsitste
753 2846 802 2900 ihn
818 2863 851 2914 ge
871 2848 963 2901 endie
979 2848 1083 2902 Rbmer.
1147 2852 1149 2855 '

54 2968 57 2973 ,
142 2917 165 2967 2.
183 2914 331 2967 conciliabat
347 2942 381 2949 —
397 2914 551 2979 adiunqebot
568 2928 604 2965 sc.
621 2914 745 2974 Prusiae,
763 2929 792 2966 so
809 2930 859 2968 auc
893 2916 924 2968 ab
941 2932 982 2979 co,-
1000 2917 1148 2980 cellamque
1162 2932 1234 2982 pere-

91 2985 170 3035 datar
189 2981 236 3031 184
253 2995 277 3032 v.
295 2977 369 3041 chr.;
388 2995 440 3044 quo
456 2983 555 3045 mepta:
573 2995 619 3031 um
636 2995 665 3032 so
682 2980 757 3032 mehr
773 2980 837 3034 also.

91 3114 118 3167 Η
142 3051 165 3100 3.
175 3045 261 3166 {epm
277 3046 456 3098 arbitrabatur
472 3050 555 3098 cetera
572 3048 622 3098 rabi
634 3048 830 3113 facilioraifore
852 3053 875 3101 00·
890 3051 960 3102 bunc
981 3053 1136 3110 rcrnootseet,
1160 3047 1233 3114 Subj.

119 3130 183 3167 anm
201 3129 236 3166 a.
902 3147 905 3152 -
1319 3139 1323 3170 r

141 3185 164 3233 4.
182 3184 255 3233 00001
272 3183 419 3231 mactum:
434 3177 480 3240 ,sie
497 3193 584 3229 waren
601 3177 639 3231 im
655 3178 758 3246 Begriff
777 3195 811 3232 cu
826 3179 1004 3233 entscheiden.
1039 3184 1233 3249 superabatur:

53 3250 54 3254 ’
93 3263 154 3315 man
170 3261 225 3298 war
241 3244 298 3297 ihm
316 3243 405 3296 iiberle
424 3259 470 3307 en3
489 3247 627 3312 immovit
645 3250 736 3313 collipr',
753 3245 781 3299 S.
798 3246 821 3313 t.
839 3249 897 3299 682.
914 3245 943 3298 Ζ.
960 3247 987 3314 ξ..
1002 3249 1060 3299 611.
1137 3249 1139 3253 ”
1338 3254 1340 3257 ’

141 3318 165 3366 5.
176 3318 286 3365 ,1000100000
302 3316 375 3374 satia
417 3325 446 3362 as
464 3316 567 3363 lautam
583 3310 721 3365 bestimmt
737 3311 827 3375 uther,
850 3313 900 3365 wie
916 3313 980 3366 weit
1001 3313 1044 3366 die
1060 3312 1235 3367 Mannschaft
1261 3312 1263 3316 '

90 3380 176 3447 gehen
192 3378 272 3432 sollte
288 3407 323 3414 -
340 3391 391 3429 nur
407 3392 436 3428 so
454 3376 507 3429 viel
523 3375 579 3428 und
595 3377 671 3431 nicht
689 3378 776 3442 mehr,
794 3379 920 3444 iibrigens
931 3380 1032 3441 lrbnnte
1048 3381 1116 3433 auch
1131 3386 1235 3433 tantam

89 3447 141 3500 mit
157 3463 184 3498 re
201 3444 336 3508 defendere
353 3441 504 3495 verbunden
521 3442 636 3496 werdon:
660 3444 699 3498 sie
716 3444 813 3498 sollten
830 3446 889 3498 sich
907 3445 991 3499 demit
1007 3447 1095 3512 begnii
1115 3463 1156 3510 en,
1176 3445 1235 3498 sich
1331 3486 1334 3491 ,

89 3529 140 3565 nur
164 3527 198 3564 zu
218 3509 415 3591 vertheidigon;
442 3517 625 3591 consecutaros
648 3526 684 3564 se
707 3515 781 3588 dejecit,
805 3527 834 3565 so
851 3513 920 3565 euch
941 3514 979 3566 im
995 3512 1084 3579 fulgen
1104 3529 1136 3565 en
1152 3512 1233 3583 Para-

89 3574 1005 3720 με11θὸ0011111138ἰξεχιαισῖἓνΐπῖἷὲἷιῖηξιεοὲἓὲθπῗῂ000θῖ101,οὲἰέἑῖ
1007 3619 1012 3631 Ι
1017 3584 1064 3698 0ιεί
1085 3648 1232 3699 oebereiar.

88 3715 152 3766 Itea
170 3708 377 3763 nachdriicklich
393 3724 428 3762 an
446 3707 491 3761 der
508 3707 599 3778 Sprtze
615 3709 661 3762 des
678 3709 782 3775 Satzes;
800 3727 829 3764 so
846 3711 911 3765 kurn
928 3712 1035 3765 vorhcr:
1053 3729 1144 3765 omnes.

238 3848 300 3902 cap.
313 3846 360 3895 xi.
373 3847 509 3893 Hannibal
523 3848 630 3903 beslegr
643 3809 693 3893 den
707 3849 835 3895 Eumenes
851 3850 937 3896 durch
951 3850 1010 3895 eine
1022 3850 1090 3895 hist.
1178 3906 1179 3909 Ἴ

142 3935 162 3985 l.
182 3932 301 3993 Quarum
317 3945 353 3983 so.
369 3935 492 3994 naviam,
504 3935 676 3999 priarpaam,
694 3931 722 3986 S.
740 3934 763 4000 ξ.
782 3935 840 3986 611.
859 3933 886 3986 Ζ.
900 3935 923 4002 5.
942 3936 1003 3995 5763
1021 3934 1092 3988 rerb.
1105 3936 1237 3989 Hannibal

87 4004 175 4061 macc,
190 4002 361 4080 priusquam.

140 4069 164 4117 2.
182 4067 229 4117 0000
243 4069 373 4132 perornat,
391 4062 418 4125 S.
436 4064 459 4131 ἓ.
478 4066 534 4116 553.
553 4064 580 4117 Ζ.
597 4064 620 4132 δ.
639 4067 695 4117 506.
