2684 4478
40 265 43 269 .
146 218 187 276 74
549 221 625 281 xvi.
666 221 889 283 PELOPIDAS.

145 400 195 460 sed
208 401 294 461 etiam
306 401 430 476 undique
445 419 479 462 ex
492 403 570 476 agris
585 408 800 478 concurrerunt,
820 404 992 480 praesidium
1005 402 1293 463 Lacedaemoniorum

145 501 266 544 exerce
286 487 463 560 pepulerunt,
491 487 613 562 patriam
633 487 778 548 obsidione
801 489 970 560 liberarunt,
1000 490 1133 546 auctores
1154 486 1292 545 Cadmeae

146 569 327 645 occupeanda
347 568 451 643 partim
473 569 645 643 occiderunt,
666 571 770 645 partim
790 571 822 632 in
844 572 957 630 exilium
978 559 1288 630 eiecffuw'*

104 649 129 717 4
207 652 271 711 Hoc
296 655 356 710 tam
375 653 488 712 turbido
509 656 645 728 tempore,
673 654 749 714 sient
775 672 864 730 supra
889 654 1043 725 docuimus,
1071 652 1292 728 Epaminondas,

146 735 239 808 quoad
264 752 329 793 oum
355 735 464 797 civibus
489 736 652 797 dimicatum
678 740 733 809 est,
763 737 838 796 domi
858 738 971 812 quietus
991 736 1057 795 fuit.
1097 737 1199 809 Itaque
1220 737 1292 794 haec

63 868 65 872 ,
144 818 328 877 liberatarum
349 819 508 878 Thebarum
528 820 643 894 propria
662 822 726 880 laus
748 823 792 881 est
811 821 978 896 Pelopidae;
1000 822 1111 879 ceterae
1131 819 1191 878 fere
1212 835 1290 876 com-

49 912 51 917 ·
104 903 124 959 2
145 919 244 961 munes
267 919 331 960 oum
344 902 548 976 Epaminonda.
589 904 719 978 Namque
739 904 890 965 Leuctrica
911 920 1009 978 pugna
1026 903 1197 976 imperatore
1213 901 1293 975 Epa-

7 995 62 1059 ’γ
117 956 137 1047 ‘s
144 985 277 1044 minonda
291 984 336 1044 hic
356 985 412 1044 fuit
426 986 482 1045 dux
503 987 627 1067 delectae
636 1004 753 1069 munnae,
774 1005 846 1062 quae
867 986 958 1061 prima
971 987 1141 1060 phalangem
1162 986 1293 1059 prostra-

29 1002 93 1147 β
106 1071 124 1126 3
145 1068 187 1126 vit
207 1070 362 1127 Laconum.
385 1067 522 1129 Omnibus
543 1072 691 1144 praeterea
703 1069 838 1144 periculis
853 1070 934 1129 affuit
955 1069 1051 1146 (siout,
1075 1069 1207 1142 Spartam
1228 1077 1293 1125 cum

145 1151 192 1211 ille
215 1151 398 1225 oppugnarit,
421 1153 542 1211 alterum
560 1153 654 1212 tenuit
669 1151 780 1225 cornu),
802 1170 912 1228 qnoque
926 1154 1058 1212 Messena
1071 1151 1192 1213 ,celerius
1208 1148 1293 1208 resti·

144 1237 282 1306 tueretur,
304 1235 417 1308 legatus
431 1235 462 1294 in
475 1237 580 1295 Persas
596 1238 640 1294 est
653 1235 806 1310 proiectus.
828 1235 956 1310 Denique
969 1237 1039 1294 haec
1053 1233 1109 1302 fait
1123 1235 1213 1292 altera
1226 1250 1293 1306 per-

116 1266 218 1388 {sona
237 1318 349 1389 Thebis,
372 1318 422 1378 sed
441 1321 537 1378 tamen
558 1318 682 1378 secunda
702 1318 752 1390 ita,
773 1322 806 1377 ut
826 1319 954 1393 proxima
974 1320 1050 1378 esset
1070 1316 1292 1391 Epaminondae.

105 1400 126 1468 5
203 1401 391 1460 Conflictatus
412 1405 508 1460 autem
529 1403 572 1461 est
594 1419 658 1460 oum
679 1401 797 1461 adversa
810 1402 935 1461 fortuna.
957 1401 1033 1460 Nam
1051 1403 1082 1460 et
1102 1399 1192 1470 initio,
1216 1398 1294 1457 sicut

147 1484 329 1555 ostendimus,
353 1485 417 1543 exul
437 1485 532 1559 patria
553 1483 647 1543 caruit
660 1487 697 1556 et,
721 1501 784 1543 cum
798 1485 973 1544 Thessaliam
987 1484 1018 1542 in
1031 1485 1201 1558 potestatem
1217 1482 1294 1540 The·

147 1569 286 1626 banorum
307 1570 425 1641 cuperet
444 1567 572 1642 redigere
588 1567 870 1651 legationisque-ipre
884 1567 955 1629 satis
969 1569 1077 1626 tectum
1091 1584 1122 1625 se
1137 1564 1294 1625 arbitrare·

146 1654 203 1722 tur,
231 1650 306 1724 qnod
328 1650 403 1724 apud
427 1666 523 1710 omnes
545 1644 802 1724 gentes”sanctnm
826 1668 890 1711 esse
920 1651 1093 1720 consuesset,
1122 1665 1141 1709 a
1168 1651 1294 1722 tyranno

146 1733 307 1792 Alexandro
321 1734 448 1792 Pheraeo
466 1733 551 1792 simul
565 1750 629 1792 curn
642 1733 766 1793 Ismenia
788 1736 1005 1808 comprehensus
1026 1733 1058 1792 in
1071 1732 1165 1791 vincla
1180 1730 1294 1790 coniec-

106 1820 125 1876 2
146 1816 262 1895 tussest.
287 1816 372 1875 Hunc
385 1816 595 1891 Epaminondas
609 1817 798 1890 recuperavit,
817 1818 892 1877 bello
906 1832 1078 1892 persequens
1090 1814 1292 1874 Alexandrum.

147 1901 219 1958 Post
232 1899 261 1957 id
274 1899 382 1957 factum
401 1916 554 1972 numquam
568 1899 661 1958 animo
676 1899 785 1972 placari
798 1900 893 1975 potuit
906 1901 937 1959 in
951 1917 1023 1971 eum,
1047 1917 1064 1958 a
1084 1915 1139 1972 quo
1155 1900 1218 1957 erat
1231 1896 1293 1955 vio-

147 1984 233 2042 latus.
268 1982 369 2054 Itaque
382 1982 526 2056 persuasit
541 1982 692 2054 Thebanis,
707 1985 742 2041 nt
755 1983 880 2043 subsidio
901 1982 1064 2043 Thessaliae
1077 1981 1294 2056 proficisceren-

106 2069 125 2125 3
146 2069 195 2125 tur
209 2069 401 2140 tyrannosque
416 2064 477 2125 eins
492 2066 672 2140 expellerent.
694 2065 780 2126 (iuius
794 2061 862 2126 belli
878 2083 943 2125 cum
956 2065 983 2125 ei
996 2082 1107 2125 summa
1126 2066 1202 2124 esset
1215 2063 1292 2134 data,

147 2156 235 2223 eoque
257 2166 321 2207 cum
341 2148 467 2208 exercitu
487 2149 632 2223 proiectus
654 2151 738 2219 esset,
761 2165 819 2208 non
832 2148 982 2220 dubitarit,
1002 2134 1125 2209 Ξῖιῐιιῖιιῖ
1146 2145 1294 2222 conspexit

104 2234 126 2290 4
146 2233 264 2303 hostem,
288 2231 451 2305 confligere.
472 2233 508 2290 In
528 2248 584 2305 quo
594 2231 700 2306 proelio
715 2233 906 2293 Alexandrum
919 2235 953 2292 ut
967 2230 1173 2302 animadvertit,
1194 2230 1294 2290 incen-

146 2332 196 2374 sus
217 2315 262 2373 ira
277 2332 379 2389 equum
397 2315 429 2374 in
443 2332 507 2374 eum
522 2315 685 2386 concitavit,
707 2317 862 2390 proculque
876 2315 1021 2389 dgressus
1036 2333 1054 2374 a
1067 2313 1136 2385 suis,
1161 2314 1293 2373 coniectu

146 2401 269 2458 telorum
289 2398 437 2458 confossus
452 2397 584 2457 concidit.
606 2399 701 2473 Atque
722 2400 776 2457 hoc
797 2399 921 2459 secunda
942 2398 1062 2458 victoria
1084 2397 1204 2456 accidit:
1226 2413 1294 2454 narn

146 2481 203 2540 iam
223 2481 377 2541 inclinatae
399 2484 482 2541 erant
501 2484 687 2556 tyrannorum
709 2481 816 2556 copiae.
843 2482 904 2553 Quo
919 2483 996 2541 iacto
1019 2497 1114 2540 omnes
1129 2478 1294 2539 Thessaliae

103 2483 277 2705 {civitates
299 2565 479 2625 interiectum
494 2563 659 2639 Pelopidam
680 2565 793 2625 coronis
815 2566 908 2626 aureis
930 2567 960 2624 et
981 2564 1086 2624 statuis
1108 2563 1204 2623 aeneis
1221 2563 1295 2622 libo·

146 2664 249 2723 rosque
270 2647 331 2707 eins
351 2649 440 2707 multo
461 2664 531 2721 agro
553 2647 704 2707 donarunt.

146 2917 208 2971 dan.
222 2917 267 2963 IV.
281 2917 552 2965 demelnsohattllohe
564 2918 702 2974 Peldaflge
717 2919 766 2964 mlt
779 2917 985 2974 Epaminondas.
1011 2915 1156 2969 Pelopidae
1170 2914 1237 2971 gent
1250 2915 1294 2961 ale

172 2973 321 3020 Gesandter
335 2975 402 3019 nach
415 2973 536 3020 Petalen.

199 3060 221 3110 l.
238 3075 331 3126 supra,
348 3056 441 3126 Epam.
460 3059 498 3121 10,
516 3060 546 3120 3;
563 3058 739 3119 manarum,
758 3055 786 3110 Ζ.
804 3057 827 3125 ὅ.
845 3057 910 3119 6373
920 3059 1039 3125 propria,
1057 3054 1086 3108 Ζ.
1103 3055 1127 3123 ᾖ.
1144 3055 1203 3107 411.

197 3126 221 3177 2.
237 3127 375 3178 Lenem
411 3140 489 3192 aqna,
506 3123 568 3178 Abl
584 3126 666 3193 teinp.
678 3123 707 3178 Ζ.
719 3124 743 3191 §-
760 3126 823 3188 475;
841 3127 993 3190 armanore
1004 3124 1199 3190 Epaminonda:
1215 3122 1296 3173 anter

146 3189 372 3259 Oberaniiihrung
386 3141 432 3244 ies
450 3189 543 3258 Epann

197 3260 220 3310 3.
236 3262 313 3321 sicul,
332 3274 354 3311 z.
370 3256 415 3319 B.;
432 3274 536 3326 quoque
552 3282 587 3303 =
603 3263 628 3310 ct
644 3262 677 3310 at
693 3273 735 3320 eo,·
752 3261 780 3310 aba
797 3256 904 3318 Persae,
925 3254 972 3308 der
988 3253 1149 3307 Volksname
1167 3253 1238 3306 etatt
1248 3250 1296 3306 des

145 3322 258 3390 Laudes,
276 3324 304 3378 Z.
321 3324 346 3392 d.
361 3325 419 3378 680.
452 3326 581 3392 Denique,
599 3323 673 3376 lrnrn

145 3456 208 3510 dap.
220 3455 252 3503 V.
265 3455 409 3511 Pelopidas
423 3455 495 3500 wlrd
505 3465 558 3500 ven
568 3455 628 3499 dem
637 3454 781 3509 Tyrannen
790 3464 845 3499 von
853 3451 951 3507 Pher-ll,
964 3426 1130 3506 Alexander,
1144 3451 1295 3505 verniliter,

171 3511 462 3617 dnffillpamlnondaa
475 3510 577 3557 bernolt
586 3511 642 3557 und
652 3511 719 3581 salit
730 3509 766 3555 lm
775 3509 880 3589 Tressen
889 3517 978 3564 gagen
986 3508 1152 3555 Alexander.
1162 3507 1297 3554 868-864

197 3657 219 3708 1.
307 3656 403 3706 ictam
425 3657 477 3704 eat:
500 3666 529 3703 er
548 3649 627 3703 hatte
648 3647 763 3702 vielfech
783 3665 816 3702 zu
836 3647 977 3718 kimpfem
998 3651 1070 3716 qaod
1089 3678 1119 3688 -
1140 3654 1294 3711 canaescet,

145 3721 186 3776 als
202 3718 287 3774 nmio
306 3721 319 3772 t
335 3717 381 3771 dea
398 3716 497 3785 Pelop„
515 3715 597 3770 daher
613 3716 660 3770 der
676 3714 752 3783 Conj.

195 3791 219 3841 2.
236 3788 410 3854 reerrperaor't
427 3783 499 3836 hier:
515 3781 635 3837 boireite.

195 3856 218 3908 3.
235 3860 247 3907 t
265 3869 368 3913 roanos,
390 3865 442 3903 ron
458 3850 518 3903 dem
540 3849 618 3903 einen
634 3846 797 3909 Alexander;
820 3847 891 3901 verb.
909 3863 970 3902 eum
992 3864 1103 3910 ramma,
1127 3845 1296 3913 Oberbefehl,

143 3926 227 3976 baiae
243 3872 305 3973 gelli
319 3923 381 3972 dna
397 3923 463 3970 creet
479 3921 517 3981 οἱς
580 3933 622 3978 ue,
640 3912 696 3969 und
712 3913 802 3968 dalrin.

193 3992 217 4041 4.
235 3987 482 4118 coaaegagtelgum,
501 3998 523 4036 a.
570 3982 679 4046 brterb.;
698 3984 943 4043 aecumenicam,
961 3978 1099 4044 Anteba,
1118 3995 1138 4032 s.
1151 3979 1296 4047 Wdrtorb„
