<?xml version="1.0" encoding="UTF-8"?>
<!DOCTYPE html PUBLIC "-//W3C//DTD XHTML 1.0 Transitional//EN"
    "http://www.w3.org/TR/xhtml1/DTD/xhtml1-transitional.dtd">
<html xmlns="http://www.w3.org/1999/xhtml" xml:lang="en" lang="en">
 <head>
  <title>
</title>
<meta http-equiv="Content-Type" content="text/html;charset=utf-8" />
  <meta name='ocr-system' content='tesseract 3.04.00' />
  <meta name='ocr-capabilities' content='ocr_page ocr_carea ocr_par ocr_line ocrx_word'/>
</head>
<body>
  <div class='ocr_page' id='page_1' title='image "./corneliusneposm00hinzgoog_0043.png"; bbox 0 0 2684 4478; ppageno 0'>
   <div class='ocr_carea' id='block_1_1' title="bbox 150 239 945 357">
    <p class='ocr_par' dir='ltr' id='par_1_1' title="bbox 150 239 945 357">
     <span class='ocr_line' id='line_1_1' title="bbox 150 239 945 357; baseline 0.004 -58"><span class='ocrx_word' id='word_1_1' title='bbox 150 239 191 300; x_wconf 76' lang='lat'>84</span> <span class='ocrx_word' id='word_1_2' title='bbox 554 243 621 304; x_wconf 85' lang='lat' dir='ltr'>VII.</span> <span class='ocrx_word' id='word_1_3' title='bbox 664 243 899 303; x_wconf 77' lang='lat' dir='ltr'><strong>ALCIBIADES.</strong></span> <span class='ocrx_word' id='word_1_4' title='bbox 938 324 945 357; x_wconf 49' lang='lat'><strong>.</strong></span> 
     </span>
    </p>
   </div>
   <div class='ocr_carea' id='block_1_2' title="bbox 149 424 1302 751">
    <p class='ocr_par' dir='ltr' id='par_1_2' title="bbox 34 424 1302 751">
     <span class='ocr_line' id='line_1_2' title="bbox 151 424 1301 502; baseline 0.002 -18"><span class='ocrx_word' id='word_1_5' title='bbox 151 425 255 484; x_wconf 90' lang='lat' dir='ltr'>eisdem</span> <span class='ocrx_word' id='word_1_6' title='bbox 276 426 361 486; x_wconf 88' lang='lat' dir='ltr'>rebus</span> <span class='ocrx_word' id='word_1_7' title='bbox 382 424 566 501; x_wconf 73' lang='lat' dir='ltr'>praefuerant</span> <span class='ocrx_word' id='word_1_8' title='bbox 587 426 726 502; x_wconf 89' lang='lat' dir='ltr'>simulque</span> <span class='ocrx_word' id='word_1_9' title='bbox 738 431 877 487; x_wconf 82' lang='lat' dir='ltr'>venerant</span> <span class='ocrx_word' id='word_1_10' title='bbox 890 427 921 486; x_wconf 93' lang='lat' dir='ltr'>in</span> <span class='ocrx_word' id='word_1_11' title='bbox 933 425 1076 498; x_wconf 83' lang='lat' dir='ltr'><strong>Piraeum,</strong></span> <span class='ocrx_word' id='word_1_12' title='bbox 1099 429 1195 485; x_wconf 89' lang='lat' dir='ltr'>tamen</span> <span class='ocrx_word' id='word_1_13' title='bbox 1209 442 1301 486; x_wconf 79' lang='lat' dir='ltr'>unum</span> 
     </span>
     <span class='ocr_line' id='line_1_3' title="bbox 151 508 1302 586; baseline 0 -18"><span class='ocrx_word' id='word_1_14' title='bbox 151 526 247 568; x_wconf 89' lang='lat' dir='ltr'>omnes</span> <span class='ocrx_word' id='word_1_15' title='bbox 268 509 348 569; x_wconf 91' lang='lat' dir='ltr'>illum</span> <span class='ocrx_word' id='word_1_16' title='bbox 367 508 621 586; x_wconf 88' lang='lat' dir='ltr'>prosequebantur,</span> <span class='ocrx_word' id='word_1_17' title='bbox 643 514 672 571; x_wconf 90' lang='lat' dir='ltr'>et</span> <span class='ocrx_word' id='word_1_18' title='bbox 692 510 722 570; x_wconf 88' lang='lat' dir='ltr'>id</span> <span class='ocrx_word' id='word_1_19' title='bbox 741 512 817 585; x_wconf 90' lang='lat' dir='ltr'>qnod</span> <span class='ocrx_word' id='word_1_20' title='bbox 831 527 984 584; x_wconf 80' lang='lat' dir='ltr'><strong>numquam</strong></span> <span class='ocrx_word' id='word_1_21' title='bbox 1005 512 1091 569; x_wconf 90' lang='lat' dir='ltr'>antea</span> <span class='ocrx_word' id='word_1_22' title='bbox 1111 527 1166 569; x_wconf 90' lang='lat' dir='ltr'>usu</span> <span class='ocrx_word' id='word_1_23' title='bbox 1180 512 1302 568; x_wconf 86' lang='lat' dir='ltr'>venerat</span> 
     </span>
     <span class='ocr_line' id='line_1_4' title="bbox 149 590 1298 668; baseline 0 -18"><span class='ocrx_word' id='word_1_24' title='bbox 149 591 206 651; x_wconf 92' lang='lat' dir='ltr'>nisi</span> <span class='ocrx_word' id='word_1_25' title='bbox 228 590 371 668; x_wconf 81' lang='lat' dir='ltr'>Olympiae</span> <span class='ocrx_word' id='word_1_26' title='bbox 392 594 557 666; x_wconf 88' lang='lat' dir='ltr'>victoribus,</span> <span class='ocrx_word' id='word_1_27' title='bbox 581 594 694 655; x_wconf 84' lang='lat' dir='ltr'>coronis</span> <span class='ocrx_word' id='word_1_28' title='bbox 714 594 821 654; x_wconf 91' lang='lat' dir='ltr'>laureis</span> <span class='ocrx_word' id='word_1_29' title='bbox 841 593 999 668; x_wconf 77' lang='lat' dir='ltr'>taeniisque</span> <span class='ocrx_word' id='word_1_30' title='bbox 1018 594 1104 666; x_wconf 79' lang='lat' dir='ltr'>vulgo</span> <span class='ocrx_word' id='word_1_31' title='bbox 1127 593 1298 652; x_wconf 81' lang='lat' dir='ltr'>donabatur.</span> 
     </span>
     <span class='ocr_line' id='line_1_5' title="bbox 149 675 1299 751; baseline -0.001 -15"><span class='ocrx_word' id='word_1_32' title='bbox 149 676 203 736; x_wconf 93' lang='lat' dir='ltr'>Ille</span> <span class='ocrx_word' id='word_1_33' title='bbox 215 676 381 736; x_wconf 80' lang='lat' dir='ltr'>lacrumans</span> <span class='ocrx_word' id='word_1_34' title='bbox 391 679 477 737; x_wconf 88' lang='lat' dir='ltr'>talem</span> <span class='ocrx_word' id='word_1_35' title='bbox 487 677 713 736; x_wconf 83' lang='lat' dir='ltr'>benevolentiam</span> <span class='ocrx_word' id='word_1_36' title='bbox 728 677 831 737; x_wconf 84' lang='lat' dir='ltr'>civium</span> <span class='ocrx_word' id='word_1_37' title='bbox 841 694 957 738; x_wconf 88' lang='lat' dir='ltr'>suorum</span> <span class='ocrx_word' id='word_1_38' title='bbox 971 676 1141 751; x_wconf 88' lang='lat' dir='ltr'>accipiebat;</span> <span class='ocrx_word' id='word_1_39' title='bbox 1152 675 1299 735; x_wconf 89' lang='lat' dir='ltr'>reminisci</span> 
     </span>
    </p>
   </div>
   <div class='ocr_carea' id='block_1_3' title="bbox 14 758 1298 835">
    <p class='ocr_par' dir='ltr' id='par_1_3' title="bbox 14 758 1298 835">
     <span class='ocr_line' id='line_1_6' title="bbox 14 758 1298 835; baseline 0.001 -19"><span class='ocrx_word' id='word_1_40' title='bbox 14 792 20 835; x_wconf 74' lang='lat' dir='ltr'>t</span> <span class='ocrx_word' id='word_1_41' title='bbox 108 758 129 816; x_wconf 90' lang='lat'>4</span> <span class='ocrx_word' id='word_1_42' title='bbox 151 759 266 833; x_wconf 88' lang='lat' dir='ltr'>pristini</span> <span class='ocrx_word' id='word_1_43' title='bbox 282 760 418 835; x_wconf 90' lang='lat' dir='ltr'>temporis</span> <span class='ocrx_word' id='word_1_44' title='bbox 433 760 626 820; x_wconf 87' lang='lat' dir='ltr'>acerbitatem.</span> <span class='ocrx_word' id='word_1_45' title='bbox 646 762 804 835; x_wconf 89' lang='lat' dir='ltr'>Postquam</span> <span class='ocrx_word' id='word_1_46' title='bbox 817 761 848 820; x_wconf 91' lang='lat' dir='ltr'>in</span> <span class='ocrx_word' id='word_1_47' title='bbox 868 763 935 820; x_wconf 90' lang='lat' dir='ltr'>astu</span> <span class='ocrx_word' id='word_1_48' title='bbox 954 760 1041 832; x_wconf 86' lang='lat' dir='ltr'>vonit,</span> <span class='ocrx_word' id='word_1_49' title='bbox 1063 759 1194 818; x_wconf 73' lang='lat' dir='ltr'>cendone</span> <span class='ocrx_word' id='word_1_50' title='bbox 1208 759 1298 818; x_wconf 84' lang='lat' dir='ltr'>adro-</span> 
     </span>
    </p>
   </div>
   <div class='ocr_carea' id='block_1_4' title="bbox 23 841 1297 2501">
    <p class='ocr_par' dir='ltr' id='par_1_4' title="bbox 150 841 1297 917">
     <span class='ocr_line' id='line_1_7' title="bbox 150 841 1297 917; baseline -0.001 -16"><span class='ocrx_word' id='word_1_51' title='bbox 150 844 224 914; x_wconf 90' lang='lat' dir='ltr'>cata,</span> <span class='ocrx_word' id='word_1_52' title='bbox 247 843 289 902; x_wconf 92' lang='lat' dir='ltr'>sic</span> <span class='ocrx_word' id='word_1_53' title='bbox 303 845 391 902; x_wconf 87' lang='lat' dir='ltr'>verba</span> <span class='ocrx_word' id='word_1_54' title='bbox 404 842 480 914; x_wconf 86' lang='lat' dir='ltr'>fecit,</span> <span class='ocrx_word' id='word_1_55' title='bbox 502 846 536 903; x_wconf 91' lang='lat' dir='ltr'>ut</span> <span class='ocrx_word' id='word_1_56' title='bbox 550 860 631 903; x_wconf 88' lang='lat' dir='ltr'>nemo</span> <span class='ocrx_word' id='word_1_57' title='bbox 645 847 705 902; x_wconf 87' lang='lat' dir='ltr'>tam</span> <span class='ocrx_word' id='word_1_58' title='bbox 718 845 796 904; x_wconf 87' lang='lat' dir='ltr'>ferus</span> <span class='ocrx_word' id='word_1_59' title='bbox 809 844 905 916; x_wconf 82' lang='lat' dir='ltr'>fuerit,</span> <span class='ocrx_word' id='word_1_60' title='bbox 928 843 996 917; x_wconf 86' lang='lat' dir='ltr'>quin</span> <span class='ocrx_word' id='word_1_61' title='bbox 1011 841 1071 902; x_wconf 90' lang='lat' dir='ltr'>eius</span> <span class='ocrx_word' id='word_1_62' title='bbox 1086 841 1166 902; x_wconf 92' lang='lat' dir='ltr'>casui</span> <span class='ocrx_word' id='word_1_63' title='bbox 1178 842 1297 901; x_wconf 90' lang='lat' dir='ltr'>illacru-</span> 
     </span>
    </p>

    <p class='ocr_par' dir='ltr' id='par_1_5' title="bbox 149 925 1296 1002">
     <span class='ocr_line' id='line_1_8' title="bbox 149 925 1296 1002; baseline 0 -18"><span class='ocrx_word' id='word_1_64' title='bbox 149 925 234 984; x_wconf 88' lang='lat' dir='ltr'>merit</span> <span class='ocrx_word' id='word_1_65' title='bbox 255 925 454 1001; x_wconf 90' lang='lat' dir='ltr'>inimicumque</span> <span class='ocrx_word' id='word_1_66' title='bbox 470 926 507 986; x_wconf 91' lang='lat' dir='ltr'>iis</span> <span class='ocrx_word' id='word_1_67' title='bbox 528 944 559 986; x_wconf 89' lang='lat' dir='ltr'>se</span> <span class='ocrx_word' id='word_1_68' title='bbox 583 928 747 1001; x_wconf 89' lang='lat' dir='ltr'>ostenderit,</span> <span class='ocrx_word' id='word_1_69' title='bbox 770 945 888 1002; x_wconf 90' lang='lat' dir='ltr'>qnorum</span> <span class='ocrx_word' id='word_1_70' title='bbox 903 943 989 1002; x_wconf 89' lang='lat' dir='ltr'>opera</span> <span class='ocrx_word' id='word_1_71' title='bbox 1003 925 1097 1002; x_wconf 91' lang='lat' dir='ltr'>patria</span> <span class='ocrx_word' id='word_1_72' title='bbox 1118 927 1217 1000; x_wconf 89' lang='lat' dir='ltr'>pulsus</span> <span class='ocrx_word' id='word_1_73' title='bbox 1231 925 1296 985; x_wconf 82' lang='lat' dir='ltr'>iue-</span> 
     </span>
    </p>

    <p class='ocr_par' dir='ltr' id='par_1_6' title="bbox 23 1008 1297 1085">
     <span class='ocr_line' id='line_1_9' title="bbox 23 1008 1297 1085; baseline 0 -17"><span class='ocrx_word' id='word_1_74' title='bbox 23 1074 26 1078; x_wconf 57' lang='grc'><em>,</em></span> <span class='ocrx_word' id='word_1_75' title='bbox 148 1012 204 1081; x_wconf 92' lang='lat' dir='ltr'>rat,</span> <span class='ocrx_word' id='word_1_76' title='bbox 227 1009 344 1084; x_wconf 90' lang='lat' dir='ltr'>proinde</span> <span class='ocrx_word' id='word_1_77' title='bbox 366 1027 400 1068; x_wconf 91' lang='lat' dir='ltr'>ac</span> <span class='ocrx_word' id='word_1_78' title='bbox 422 1008 448 1069; x_wconf 87' lang='lat' dir='ltr'>si</span> <span class='ocrx_word' id='word_1_79' title='bbox 468 1008 542 1069; x_wconf 90' lang='lat' dir='ltr'>alius</span> <span class='ocrx_word' id='word_1_80' title='bbox 563 1012 693 1085; x_wconf 88' lang='lat' dir='ltr'>populus,</span> <span class='ocrx_word' id='word_1_81' title='bbox 715 1028 773 1070; x_wconf 92' lang='lat' dir='ltr'>non</span> <span class='ocrx_word' id='word_1_82' title='bbox 794 1011 841 1070; x_wconf 92' lang='lat' dir='ltr'>ille</span> <span class='ocrx_word' id='word_1_83' title='bbox 861 1011 932 1085; x_wconf 89' lang='lat' dir='ltr'>ipse,</span> <span class='ocrx_word' id='word_1_84' title='bbox 953 1010 1002 1085; x_wconf 91' lang='lat' dir='ltr'>qui</span> <span class='ocrx_word' id='word_1_85' title='bbox 1022 1012 1084 1070; x_wconf 90' lang='lat' dir='ltr'>tum</span> <span class='ocrx_word' id='word_1_86' title='bbox 1104 1010 1201 1081; x_wconf 90' lang='lat' dir='ltr'>flebat,</span> <span class='ocrx_word' id='word_1_87' title='bbox 1230 1026 1297 1068; x_wconf 90' lang='lat' dir='ltr'>eum</span> 
     </span>
    </p>

    <p class='ocr_par' dir='ltr' id='par_1_7' title="bbox 109 1092 1296 1418">
     <span class='ocr_line' id='line_1_10' title="bbox 109 1092 1296 1168; baseline 0 -18"><span class='ocrx_word' id='word_1_88' title='bbox 109 1092 126 1150; x_wconf 83' lang='lat'>5</span> <span class='ocrx_word' id='word_1_89' title='bbox 149 1092 293 1167; x_wconf 85' lang='lat' dir='ltr'>sacrilegii</span> <span class='ocrx_word' id='word_1_90' title='bbox 306 1094 476 1155; x_wconf 84' lang='lat' dir='ltr'>damnasset.</span> <span class='ocrx_word' id='word_1_91' title='bbox 499 1094 644 1153; x_wconf 85' lang='lat' dir='ltr'>Restituta</span> <span class='ocrx_word' id='word_1_92' title='bbox 658 1110 725 1168; x_wconf 89' lang='lat' dir='ltr'>ergo</span> <span class='ocrx_word' id='word_1_93' title='bbox 740 1094 806 1154; x_wconf 91' lang='lat' dir='ltr'>huic</span> <span class='ocrx_word' id='word_1_94' title='bbox 820 1098 888 1154; x_wconf 90' lang='lat' dir='ltr'>sunt</span> <span class='ocrx_word' id='word_1_95' title='bbox 909 1093 1022 1168; x_wconf 89' lang='lat' dir='ltr'>publice</span> <span class='ocrx_word' id='word_1_96' title='bbox 1043 1094 1127 1164; x_wconf 90' lang='lat' dir='ltr'>bona,</span> <span class='ocrx_word' id='word_1_97' title='bbox 1150 1092 1296 1166; x_wconf 85' lang='lat' dir='ltr'>eidemque</span> 
     </span>
     <span class='ocr_line' id='line_1_11' title="bbox 148 1175 1295 1250; baseline -0.002 -16"><span class='ocrx_word' id='word_1_98' title='bbox 148 1176 189 1234; x_wconf 87' lang='lat' dir='ltr'>illi</span> <span class='ocrx_word' id='word_1_99' title='bbox 209 1175 393 1250; x_wconf 81' lang='lat' dir='ltr'>Eumolpidae</span> <span class='ocrx_word' id='word_1_100' title='bbox 414 1176 574 1237; x_wconf 88' lang='lat' dir='ltr'>sacerdotes</span> <span class='ocrx_word' id='word_1_101' title='bbox 595 1194 695 1236; x_wconf 89' lang='lat' dir='ltr'>rursus</span> <span class='ocrx_word' id='word_1_102' title='bbox 715 1194 862 1237; x_wconf 88' lang='lat' dir='ltr'>resacrare</span> <span class='ocrx_word' id='word_1_103' title='bbox 883 1179 951 1236; x_wconf 87' lang='lat' dir='ltr'>sunt</span> <span class='ocrx_word' id='word_1_104' title='bbox 973 1176 1073 1248; x_wconf 68' lang='lat' dir='ltr'>coast,</span> <span class='ocrx_word' id='word_1_105' title='bbox 1096 1175 1146 1250; x_wconf 91' lang='lat' dir='ltr'>qui</span> <span class='ocrx_word' id='word_1_106' title='bbox 1166 1192 1229 1235; x_wconf 92' lang='lat' dir='ltr'>eum</span> <span class='ocrx_word' id='word_1_107' title='bbox 1244 1175 1295 1233; x_wconf 91' lang='lat' dir='ltr'>de·</span> 
     </span>
     <span class='ocr_line' id='line_1_12' title="bbox 147 1258 1296 1334; baseline -0.003 -15"><span class='ocrx_word' id='word_1_108' title='bbox 147 1262 293 1332; x_wconf 82' lang='lat' dir='ltr'>voverant,</span> <span class='ocrx_word' id='word_1_109' title='bbox 315 1261 444 1334; x_wconf 84' lang='lat' dir='ltr'>pilaeque</span> <span class='ocrx_word' id='word_1_110' title='bbox 471 1260 546 1332; x_wconf 90' lang='lat' dir='ltr'>illae,</span> <span class='ocrx_word' id='word_1_111' title='bbox 572 1259 603 1319; x_wconf 91' lang='lat' dir='ltr'>in</span> <span class='ocrx_word' id='word_1_112' title='bbox 630 1259 733 1334; x_wconf 89' lang='lat' dir='ltr'>quibus</span> <span class='ocrx_word' id='word_1_113' title='bbox 758 1260 868 1321; x_wconf 79' lang='lat' dir='ltr'>devotio</span> <span class='ocrx_word' id='word_1_114' title='bbox 893 1260 988 1320; x_wconf 88' lang='lat' dir='ltr'>fuerat</span> <span class='ocrx_word' id='word_1_115' title='bbox 1012 1259 1133 1333; x_wconf 87' lang='lat' dir='ltr'>scripta,</span> <span class='ocrx_word' id='word_1_116' title='bbox 1159 1258 1191 1318; x_wconf 93' lang='lat' dir='ltr'>iu</span> <span class='ocrx_word' id='word_1_117' title='bbox 1214 1275 1296 1317; x_wconf 90' lang='lat' dir='ltr'>mare</span> 
     </span>
     <span class='ocr_line' id='line_1_13' title="bbox 148 1341 361 1418; baseline 0 -18"><span class='ocrx_word' id='word_1_118' title='bbox 148 1341 361 1418; x_wconf 78' lang='lat' dir='ltr'>praecipitatae.</span> 
     </span>
    </p>

    <p class='ocr_par' dir='ltr' id='par_1_8' title="bbox 108 1421 1295 1668">
     <span class='ocr_line' id='line_1_14' title="bbox 108 1421 1294 1490; baseline -0.005 0"><span class='ocrx_word' id='word_1_119' title='bbox 108 1421 126 1490; x_wconf 83' lang='grc'><strong>7</strong></span> <span class='ocrx_word' id='word_1_120' title='bbox 211 1427 292 1486; x_wconf 92' lang='lat' dir='ltr'>Haec</span> <span class='ocrx_word' id='word_1_121' title='bbox 306 1425 448 1487; x_wconf 81' lang='lat' dir='ltr'>Alcibiadi</span> <span class='ocrx_word' id='word_1_122' title='bbox 460 1425 573 1486; x_wconf 91' lang='lat' dir='ltr'>laetitia</span> <span class='ocrx_word' id='word_1_123' title='bbox 586 1443 645 1485; x_wconf 89' lang='lat' dir='ltr'>non</span> <span class='ocrx_word' id='word_1_124' title='bbox 658 1426 742 1486; x_wconf 90' lang='lat' dir='ltr'>nimis</span> <span class='ocrx_word' id='word_1_125' title='bbox 754 1427 811 1485; x_wconf 90' lang='lat' dir='ltr'>fuit</span> <span class='ocrx_word' id='word_1_126' title='bbox 825 1427 968 1487; x_wconf 86' lang='lat' dir='ltr'>diuturna.</span> <span class='ocrx_word' id='word_1_127' title='bbox 985 1428 1061 1485; x_wconf 86' lang='lat' dir='ltr'>Nam</span> <span class='ocrx_word' id='word_1_128' title='bbox 1076 1443 1139 1485; x_wconf 91' lang='lat' dir='ltr'>cum</span> <span class='ocrx_word' id='word_1_129' title='bbox 1154 1424 1180 1484; x_wconf 93' lang='lat' dir='ltr'>ei</span> <span class='ocrx_word' id='word_1_130' title='bbox 1196 1441 1294 1484; x_wconf 88' lang='lat' dir='ltr'>omnes</span> 
     </span>
     <span class='ocr_line' id='line_1_15' title="bbox 149 1507 1295 1585; baseline -0.002 -17"><span class='ocrx_word' id='word_1_131' title='bbox 149 1513 245 1569; x_wconf 90' lang='lat' dir='ltr'>essent</span> <span class='ocrx_word' id='word_1_132' title='bbox 265 1513 386 1569; x_wconf 86' lang='lat' dir='ltr'>horrores</span> <span class='ocrx_word' id='word_1_133' title='bbox 407 1508 515 1569; x_wconf 87' lang='lat' dir='ltr'>decreti</span> <span class='ocrx_word' id='word_1_134' title='bbox 528 1512 651 1585; x_wconf 86' lang='lat' dir='ltr'>totaque</span> <span class='ocrx_word' id='word_1_135' title='bbox 678 1510 841 1585; x_wconf 84' lang='lat' dir='ltr'>respublica</span> <span class='ocrx_word' id='word_1_136' title='bbox 867 1511 941 1570; x_wconf 90' lang='lat' dir='ltr'>domi</span> <span class='ocrx_word' id='word_1_137' title='bbox 969 1510 1091 1584; x_wconf 88' lang='lat' dir='ltr'>bellique</span> <span class='ocrx_word' id='word_1_138' title='bbox 1116 1507 1236 1579; x_wconf 71' lang='lat' dir='ltr'>badim,</span> <span class='ocrx_word' id='word_1_139' title='bbox 1258 1510 1295 1567; x_wconf 89' lang='lat' dir='ltr'>ut</span> 
     </span>
     <span class='ocr_line' id='line_1_16' title="bbox 147 1592 1294 1668; baseline -0.002 -17"><span class='ocrx_word' id='word_1_140' title='bbox 147 1593 232 1652; x_wconf 90' lang='lat' dir='ltr'>unius</span> <span class='ocrx_word' id='word_1_141' title='bbox 248 1592 365 1652; x_wconf 90' lang='lat' dir='ltr'>arbitrio</span> <span class='ocrx_word' id='word_1_142' title='bbox 380 1596 535 1666; x_wconf 90' lang='lat' dir='ltr'>gereretur,</span> <span class='ocrx_word' id='word_1_143' title='bbox 552 1597 581 1653; x_wconf 89' lang='lat' dir='ltr'>et</span> <span class='ocrx_word' id='word_1_144' title='bbox 595 1593 657 1667; x_wconf 92' lang='lat' dir='ltr'>ipse</span> <span class='ocrx_word' id='word_1_145' title='bbox 670 1595 853 1668; x_wconf 85' lang='lat' dir='ltr'>postulasset,</span> <span class='ocrx_word' id='word_1_146' title='bbox 870 1597 904 1652; x_wconf 92' lang='lat' dir='ltr'>ut</span> <span class='ocrx_word' id='word_1_147' title='bbox 914 1595 968 1652; x_wconf 92' lang='lat' dir='ltr'>duo</span> <span class='ocrx_word' id='word_1_148' title='bbox 980 1593 1036 1652; x_wconf 92' lang='lat' dir='ltr'>sibi</span> <span class='ocrx_word' id='word_1_149' title='bbox 1050 1593 1174 1665; x_wconf 86' lang='lat' dir='ltr'>collegae</span> <span class='ocrx_word' id='word_1_150' title='bbox 1189 1592 1294 1650; x_wconf 91' lang='lat' dir='ltr'>daren-</span> 
     </span>
    </p>

    <p class='ocr_par' dir='ltr' id='par_1_9' title="bbox 32 1675 1295 1752">
     <span class='ocr_line' id='line_1_17' title="bbox 32 1675 1295 1752; baseline 0.002 -19"><span class='ocrx_word' id='word_1_151' title='bbox 32 1740 33 1744; x_wconf 7' lang='grc' dir='ltr'><strong>Ἰ</strong></span> <span class='ocrx_word' id='word_1_152' title='bbox 148 1677 206 1748; x_wconf 89' lang='lat' dir='ltr'>tur,</span> <span class='ocrx_word' id='word_1_153' title='bbox 222 1675 417 1751; x_wconf 74' lang='lat' dir='ltr'>Thrasybulus</span> <span class='ocrx_word' id='word_1_154' title='bbox 429 1679 458 1735; x_wconf 92' lang='lat' dir='ltr'>et</span> <span class='ocrx_word' id='word_1_155' title='bbox 467 1675 646 1748; x_wconf 84' lang='lat' dir='ltr'>Adimantus,</span> <span class='ocrx_word' id='word_1_156' title='bbox 661 1694 752 1751; x_wconf 92' lang='lat' dir='ltr'>neque</span> <span class='ocrx_word' id='word_1_157' title='bbox 766 1677 795 1734; x_wconf 90' lang='lat' dir='ltr'>id</span> <span class='ocrx_word' id='word_1_158' title='bbox 805 1676 940 1752; x_wconf 85' lang='lat' dir='ltr'>n&#39;egatum</span> <span class='ocrx_word' id='word_1_159' title='bbox 951 1679 1035 1749; x_wconf 91' lang='lat' dir='ltr'>esset,</span> <span class='ocrx_word' id='word_1_160' title='bbox 1052 1677 1142 1736; x_wconf 89' lang='lat' dir='ltr'>classe</span> <span class='ocrx_word' id='word_1_161' title='bbox 1152 1676 1183 1735; x_wconf 89' lang='lat' dir='ltr'>in</span> <span class='ocrx_word' id='word_1_162' title='bbox 1192 1675 1295 1735; x_wconf 82' lang='lat' dir='ltr'>Asiam</span> 
     </span>
    </p>

    <p class='ocr_par' dir='ltr' id='par_1_10' title="bbox 107 1758 1293 1835">
     <span class='ocr_line' id='line_1_18' title="bbox 107 1758 1293 1835; baseline 0.001 -18"><span class='ocrx_word' id='word_1_163' title='bbox 107 1760 126 1816; x_wconf 87' lang='lat'>2</span> <span class='ocrx_word' id='word_1_164' title='bbox 148 1759 302 1832; x_wconf 85' lang='lat' dir='ltr'>proiectus,</span> <span class='ocrx_word' id='word_1_165' title='bbox 325 1760 399 1833; x_wconf 90' lang='lat' dir='ltr'>quod</span> <span class='ocrx_word' id='word_1_166' title='bbox 420 1759 495 1833; x_wconf 85' lang='lat' dir='ltr'>apud</span> <span class='ocrx_word' id='word_1_167' title='bbox 509 1760 612 1835; x_wconf 74' lang='lat' dir='ltr'>Cymen</span> <span class='ocrx_word' id='word_1_168' title='bbox 632 1758 726 1819; x_wconf 91' lang='lat' dir='ltr'>minus</span> <span class='ocrx_word' id='word_1_169' title='bbox 745 1777 779 1819; x_wconf 82' lang='lat' dir='ltr'>ex</span> <span class='ocrx_word' id='word_1_170' title='bbox 799 1760 941 1821; x_wconf 88' lang='lat' dir='ltr'>sententia</span> <span class='ocrx_word' id='word_1_171' title='bbox 961 1778 1021 1819; x_wconf 93' lang='lat' dir='ltr'>rem</span> <span class='ocrx_word' id='word_1_172' title='bbox 1043 1761 1179 1834; x_wconf 80' lang='lat' dir='ltr'>gesserat,</span> <span class='ocrx_word' id='word_1_173' title='bbox 1201 1758 1232 1816; x_wconf 90' lang='lat' dir='ltr'>in</span> <span class='ocrx_word' id='word_1_174' title='bbox 1245 1758 1293 1818; x_wconf 90' lang='lat' dir='ltr'>in-</span> 
     </span>
    </p>

    <p class='ocr_par' dir='ltr' id='par_1_11' title="bbox 40 1840 1292 1920">
     <span class='ocr_line' id='line_1_19' title="bbox 40 1840 1292 1920; baseline -0.001 -19"><span class='ocrx_word' id='word_1_175' title='bbox 40 1894 42 1901; x_wconf 93' lang='lat'>.</span> <span class='ocrx_word' id='word_1_176' title='bbox 148 1840 251 1902; x_wconf 86' lang='lat' dir='ltr'>vidiam</span> <span class='ocrx_word' id='word_1_177' title='bbox 271 1842 381 1902; x_wconf 91' lang='lat' dir='ltr'>recidit.</span> <span class='ocrx_word' id='word_1_178' title='bbox 401 1842 482 1902; x_wconf 85' lang='lat' dir='ltr'>Nihil</span> <span class='ocrx_word' id='word_1_179' title='bbox 502 1842 576 1903; x_wconf 89' lang='lat' dir='ltr'>enim</span> <span class='ocrx_word' id='word_1_180' title='bbox 597 1860 661 1901; x_wconf 89' lang='lat' dir='ltr'>eum</span> <span class='ocrx_word' id='word_1_181' title='bbox 681 1859 740 1903; x_wconf 90' lang='lat' dir='ltr'>non</span> <span class='ocrx_word' id='word_1_182' title='bbox 761 1843 873 1904; x_wconf 88' lang='lat' dir='ltr'>efficere</span> <span class='ocrx_word' id='word_1_183' title='bbox 894 1861 978 1920; x_wconf 87' lang='lat' dir='ltr'>posse</span> <span class='ocrx_word' id='word_1_184' title='bbox 999 1843 1148 1903; x_wconf 89' lang='lat' dir='ltr'>ducebant.</span> <span class='ocrx_word' id='word_1_185' title='bbox 1170 1843 1214 1901; x_wconf 84' lang='lat' dir='ltr'>Ex</span> <span class='ocrx_word' id='word_1_186' title='bbox 1235 1859 1292 1915; x_wconf 90' lang='lat' dir='ltr'>quo</span> 
     </span>
    </p>

    <p class='ocr_par' dir='ltr' id='par_1_12' title="bbox 147 1925 1294 2002">
     <span class='ocr_line' id='line_1_20' title="bbox 147 1925 1294 2002; baseline -0.001 -17"><span class='ocrx_word' id='word_1_187' title='bbox 147 1925 243 1998; x_wconf 89' lang='lat' dir='ltr'>fiebat,</span> <span class='ocrx_word' id='word_1_188' title='bbox 271 1929 305 1984; x_wconf 88' lang='lat' dir='ltr'>ut</span> <span class='ocrx_word' id='word_1_189' title='bbox 331 1925 425 1985; x_wconf 90' lang='lat' dir='ltr'>omnia</span> <span class='ocrx_word' id='word_1_190' title='bbox 449 1926 543 1985; x_wconf 88' lang='lat' dir='ltr'>minus</span> <span class='ocrx_word' id='word_1_191' title='bbox 573 1943 708 2001; x_wconf 89' lang='lat' dir='ltr'>prospere</span> <span class='ocrx_word' id='word_1_192' title='bbox 734 1930 817 2001; x_wconf 87' lang='lat' dir='ltr'>gesta</span> <span class='ocrx_word' id='word_1_193' title='bbox 837 1929 937 2002; x_wconf 79' lang='lat' dir='ltr'>ctdpae</span> <span class='ocrx_word' id='word_1_194' title='bbox 956 1926 1124 1998; x_wconf 89' lang='lat' dir='ltr'>tribuerent,</span> <span class='ocrx_word' id='word_1_195' title='bbox 1156 1943 1220 1984; x_wconf 89' lang='lat' dir='ltr'>cum</span> <span class='ocrx_word' id='word_1_196' title='bbox 1241 1929 1294 1984; x_wconf 90' lang='lat' dir='ltr'>aut</span> 
     </span>
    </p>

    <p class='ocr_par' dir='ltr' id='par_1_13' title="bbox 33 2008 1293 2085">
     <span class='ocr_line' id='line_1_21' title="bbox 33 2008 1293 2085; baseline 0 -17"><span class='ocrx_word' id='word_1_197' title='bbox 33 2012 37 2017; x_wconf 87' lang='lat'>&#39;</span> <span class='ocrx_word' id='word_1_198' title='bbox 148 2026 212 2068; x_wconf 91' lang='lat' dir='ltr'>eum</span> <span class='ocrx_word' id='word_1_199' title='bbox 232 2009 416 2082; x_wconf 85' lang='lat' dir='ltr'>neglegenter</span> <span class='ocrx_word' id='word_1_200' title='bbox 437 2012 488 2068; x_wconf 92' lang='lat' dir='ltr'>aut</span> <span class='ocrx_word' id='word_1_201' title='bbox 508 2009 648 2069; x_wconf 88' lang='lat' dir='ltr'>malitiose</span> <span class='ocrx_word' id='word_1_202' title='bbox 668 2009 769 2070; x_wconf 85' lang='lat' dir='ltr'>fecisse</span> <span class='ocrx_word' id='word_1_203' title='bbox 787 2012 983 2085; x_wconf 88' lang='lat' dir='ltr'>loquerentur;</span> <span class='ocrx_word' id='word_1_204' title='bbox 1006 2010 1082 2069; x_wconf 90' lang='lat' dir='ltr'>sicut</span> <span class='ocrx_word' id='word_1_205' title='bbox 1100 2013 1163 2068; x_wconf 90' lang='lat' dir='ltr'>tum</span> <span class='ocrx_word' id='word_1_206' title='bbox 1177 2008 1293 2068; x_wconf 89' lang='lat' dir='ltr'>accidit.</span> 
     </span>
    </p>

    <p class='ocr_par' dir='ltr' id='par_1_14' title="bbox 105 2091 1295 2501">
     <span class='ocr_line' id='line_1_22' title="bbox 105 2091 1295 2168; baseline 0.002 -18"><span class='ocrx_word' id='word_1_207' title='bbox 105 2091 126 2149; x_wconf 84' lang='lat'><strong>3</strong></span> <span class='ocrx_word' id='word_1_208' title='bbox 147 2093 223 2151; x_wconf 86' lang='lat' dir='ltr'>Nam</span> <span class='ocrx_word' id='word_1_209' title='bbox 244 2095 408 2167; x_wconf 86' lang='lat' dir='ltr'>corruptum</span> <span class='ocrx_word' id='word_1_210' title='bbox 429 2109 528 2166; x_wconf 87' lang='lat' dir='ltr'>aroge</span> <span class='ocrx_word' id='word_1_211' title='bbox 545 2109 646 2168; x_wconf 87' lang='lat' dir='ltr'>capere</span> <span class='ocrx_word' id='word_1_212' title='bbox 661 2095 765 2168; x_wconf 78' lang='lat' dir='ltr'>Cymen</span> <span class='ocrx_word' id='word_1_213' title='bbox 778 2094 905 2154; x_wconf 89' lang='lat' dir='ltr'>noluisse</span> <span class='ocrx_word' id='word_1_214' title='bbox 918 2095 1087 2168; x_wconf 91' lang='lat' dir='ltr'>arguebant.</span> <span class='ocrx_word' id='word_1_215' title='bbox 1108 2094 1211 2167; x_wconf 91' lang='lat' dir='ltr'>Itaque</span> <span class='ocrx_word' id='word_1_216' title='bbox 1224 2091 1295 2152; x_wconf 86' lang='lat' dir='ltr'>lruic</span> 
     </span>
     <span class='ocr_line' id='line_1_23' title="bbox 146 2175 1294 2252; baseline 0.002 -19"><span class='ocrx_word' id='word_1_217' title='bbox 146 2175 266 2234; x_wconf 86' lang='lat' dir='ltr'>maxime</span> <span class='ocrx_word' id='word_1_218' title='bbox 286 2180 419 2250; x_wconf 85' lang='lat' dir='ltr'>putamus</span> <span class='ocrx_word' id='word_1_219' title='bbox 433 2177 507 2234; x_wconf 91' lang='lat' dir='ltr'>malo</span> <span class='ocrx_word' id='word_1_220' title='bbox 521 2175 609 2235; x_wconf 88' lang='lat' dir='ltr'>fuisse</span> <span class='ocrx_word' id='word_1_221' title='bbox 624 2176 739 2236; x_wconf 88' lang='lat' dir='ltr'>nimiam</span> <span class='ocrx_word' id='word_1_222' title='bbox 760 2177 918 2252; x_wconf 88' lang='lat' dir='ltr'>opinionem</span> <span class='ocrx_word' id='word_1_223' title='bbox 938 2176 1047 2251; x_wconf 90' lang='lat' dir='ltr'>ingenii</span> <span class='ocrx_word' id='word_1_224' title='bbox 1067 2179 1152 2249; x_wconf 88' lang='lat' dir='ltr'>atque</span> <span class='ocrx_word' id='word_1_225' title='bbox 1165 2175 1294 2235; x_wconf 73' lang='lat' dir='ltr'>urtutis.</span> 
     </span>
     <span class='ocr_line' id='line_1_24' title="bbox 148 2258 1295 2335; baseline -0.001 -17"><span class='ocrx_word' id='word_1_226' title='bbox 148 2259 312 2319; x_wconf 70' lang='lat' dir='ltr'>rimabatur</span> <span class='ocrx_word' id='word_1_227' title='bbox 334 2259 408 2318; x_wconf 91' lang='lat' dir='ltr'>enim</span> <span class='ocrx_word' id='word_1_228' title='bbox 427 2275 486 2318; x_wconf 89' lang='lat' dir='ltr'>uon</span> <span class='ocrx_word' id='word_1_229' title='bbox 506 2258 600 2318; x_wconf 91' lang='lat' dir='ltr'>minus</span> <span class='ocrx_word' id='word_1_230' title='bbox 615 2277 698 2335; x_wconf 90' lang='lat' dir='ltr'>quam</span> <span class='ocrx_word' id='word_1_231' title='bbox 712 2260 892 2335; x_wconf 88' lang='lat' dir='ltr'>diligebatur,</span> <span class='ocrx_word' id='word_1_232' title='bbox 913 2276 950 2319; x_wconf 90' lang='lat' dir='ltr'>ne</span> <span class='ocrx_word' id='word_1_233' title='bbox 964 2260 1088 2320; x_wconf 88' lang='lat' dir='ltr'>secunda</span> <span class='ocrx_word' id='word_1_234' title='bbox 1101 2259 1217 2319; x_wconf 82' lang='lat' dir='ltr'>fortuna</span> <span class='ocrx_word' id='word_1_235' title='bbox 1230 2275 1295 2317; x_wconf 87' lang='lat' dir='ltr'>ma·-</span> 
     </span>
     <span class='ocr_line' id='line_1_25' title="bbox 148 2342 1295 2427; baseline -0.001 -25"><span class='ocrx_word' id='word_1_236' title='bbox 148 2343 268 2417; x_wconf 87' lang='lat' dir='ltr'>guisque</span> <span class='ocrx_word' id='word_1_237' title='bbox 289 2342 389 2418; x_wconf 89' lang='lat' dir='ltr'>opibus</span> <span class='ocrx_word' id='word_1_238' title='bbox 403 2343 496 2402; x_wconf 88' lang='lat' dir='ltr'>elatus</span> <span class='ocrx_word' id='word_1_239' title='bbox 509 2343 687 2419; x_wconf 84' lang='lat' dir='ltr'>tyrannidem</span> <span class='ocrx_word' id='word_1_240' title='bbox 701 2343 924 2419; x_wconf 89' lang='lat' dir='ltr'>concupisceret.</span> <span class='ocrx_word' id='word_1_241' title='bbox 961 2343 1070 2415; x_wconf 78' lang='lat' dir='ltr'>Quibus</span> <span class='ocrx_word' id='word_1_242' title='bbox 1084 2343 1170 2402; x_wconf 88' lang='lat' dir='ltr'>rebus</span> <span class='ocrx_word' id='word_1_243' title='bbox 1183 2342 1295 2427; x_wconf 75' lang='lat' dir='ltr'>factum</span> 
     </span>
     <span class='ocr_line' id='line_1_26' title="bbox 149 2425 1295 2501; baseline 0.001 -16"><span class='ocrx_word' id='word_1_244' title='bbox 149 2428 201 2499; x_wconf 92' lang='lat' dir='ltr'>est,</span> <span class='ocrx_word' id='word_1_245' title='bbox 223 2430 257 2485; x_wconf 93' lang='lat' dir='ltr'>ut</span> <span class='ocrx_word' id='word_1_246' title='bbox 279 2426 390 2486; x_wconf 89' lang='lat' dir='ltr'>absenti</span> <span class='ocrx_word' id='word_1_247' title='bbox 410 2426 611 2500; x_wconf 86' lang='lat' dir='ltr'>magistratum</span> <span class='ocrx_word' id='word_1_248' title='bbox 625 2429 798 2501; x_wconf 90' lang='lat' dir='ltr'>abrogarent</span> <span class='ocrx_word' id='word_1_249' title='bbox 812 2431 841 2486; x_wconf 89' lang='lat' dir='ltr'>et</span> <span class='ocrx_word' id='word_1_250' title='bbox 855 2427 942 2487; x_wconf 90' lang='lat' dir='ltr'>alium</span> <span class='ocrx_word' id='word_1_251' title='bbox 955 2427 986 2485; x_wconf 93' lang='lat' dir='ltr'>in</span> <span class='ocrx_word' id='word_1_252' title='bbox 1003 2427 1063 2487; x_wconf 88' lang='lat' dir='ltr'>eius</span> <span class='ocrx_word' id='word_1_253' title='bbox 1076 2429 1171 2485; x_wconf 88' lang='lat' dir='ltr'>locum</span> <span class='ocrx_word' id='word_1_254' title='bbox 1184 2425 1295 2486; x_wconf 88' lang='lat' dir='ltr'>substi-</span> 
     </span>
    </p>
   </div>
   <div class='ocr_carea' id='block_1_5' title="bbox 27 2509 1296 2584">
    <p class='ocr_par' dir='ltr' id='par_1_15' title="bbox 27 2509 1296 2584">
     <span class='ocr_line' id='line_1_27' title="bbox 27 2509 1296 2584; baseline 0.002 -18"><span class='ocrx_word' id='word_1_255' title='bbox 27 2574 30 2579; x_wconf 45' lang='grc'><strong>,</strong></span> <span class='ocrx_word' id='word_1_256' title='bbox 84 2570 86 2574; x_wconf 67' lang='grc'><em>,</em></span> <span class='ocrx_word' id='word_1_257' title='bbox 107 2509 129 2566; x_wconf 87' lang='lat'>4</span> <span class='ocrx_word' id='word_1_258' title='bbox 147 2512 270 2570; x_wconf 89' lang='lat' dir='ltr'>tuerent.</span> <span class='ocrx_word' id='word_1_259' title='bbox 292 2510 327 2567; x_wconf 92' lang='lat' dir='ltr'>Id</span> <span class='ocrx_word' id='word_1_260' title='bbox 347 2509 395 2570; x_wconf 93' lang='lat' dir='ltr'>ille</span> <span class='ocrx_word' id='word_1_261' title='bbox 415 2513 449 2570; x_wconf 88' lang='lat' dir='ltr'>ut</span> <span class='ocrx_word' id='word_1_262' title='bbox 470 2510 586 2581; x_wconf 83' lang='lat' dir='ltr'>audiuit,</span> <span class='ocrx_word' id='word_1_263' title='bbox 609 2510 721 2569; x_wconf 92' lang='lat' dir='ltr'>domum</span> <span class='ocrx_word' id='word_1_264' title='bbox 741 2511 848 2570; x_wconf 87' lang='lat' dir='ltr'>reverti</span> <span class='ocrx_word' id='word_1_265' title='bbox 868 2509 960 2570; x_wconf 90' lang='lat' dir='ltr'>noluit</span> <span class='ocrx_word' id='word_1_266' title='bbox 981 2514 1010 2571; x_wconf 91' lang='lat' dir='ltr'>et</span> <span class='ocrx_word' id='word_1_267' title='bbox 1029 2528 1061 2570; x_wconf 90' lang='lat' dir='ltr'>se</span> <span class='ocrx_word' id='word_1_268' title='bbox 1073 2512 1202 2584; x_wconf 84' lang='lat' dir='ltr'>Pactyen</span> <span class='ocrx_word' id='word_1_269' title='bbox 1221 2526 1296 2569; x_wconf 89' lang='lat' dir='ltr'>con·</span> 
     </span>
    </p>
   </div>
   <div class='ocr_carea' id='block_1_6' title="bbox 147 2591 1315 2751">
    <p class='ocr_par' dir='ltr' id='par_1_16' title="bbox 147 2591 1315 2751">
     <span class='ocr_line' id='line_1_28' title="bbox 147 2591 1315 2667; baseline 0.001 -16"><span class='ocrx_word' id='word_1_270' title='bbox 147 2592 216 2652; x_wconf 87' lang='lat' dir='ltr'>tulit</span> <span class='ocrx_word' id='word_1_271' title='bbox 236 2593 330 2667; x_wconf 86' lang='lat' dir='ltr'>ibique</span> <span class='ocrx_word' id='word_1_272' title='bbox 350 2593 408 2652; x_wconf 86' lang='lat' dir='ltr'>tria</span> <span class='ocrx_word' id='word_1_273' title='bbox 434 2594 552 2654; x_wconf 90' lang='lat' dir='ltr'>castella</span> <span class='ocrx_word' id='word_1_274' title='bbox 579 2594 752 2665; x_wconf 86' lang='lat' dir='ltr'>communiit,</span> <span class='ocrx_word' id='word_1_275' title='bbox 781 2592 882 2665; x_wconf 88' lang='lat' dir='ltr'>Ornos,</span> <span class='ocrx_word' id='word_1_276' title='bbox 910 2594 1075 2666; x_wconf 77' lang='lat' dir='ltr'>Bisanthen,</span> <span class='ocrx_word' id='word_1_277' title='bbox 1104 2591 1294 2664; x_wconf 83' lang='lat' dir='ltr'>Neontichos,</span> <span class='ocrx_word' id='word_1_278' title='bbox 1308 2626 1315 2633; x_wconf 92' lang='lat'>··</span> 
     </span>
     <span class='ocr_line' id='line_1_29' title="bbox 148 2674 1295 2751; baseline 0 -17"><span class='ocrx_word' id='word_1_279' title='bbox 148 2693 289 2751; x_wconf 88' lang='lat' dir='ltr'>manuque</span> <span class='ocrx_word' id='word_1_280' title='bbox 310 2678 430 2736; x_wconf 91' lang='lat' dir='ltr'>collecta</span> <span class='ocrx_word' id='word_1_281' title='bbox 450 2677 558 2751; x_wconf 91' lang='lat' dir='ltr'>primus</span> <span class='ocrx_word' id='word_1_282' title='bbox 579 2677 706 2736; x_wconf 79' lang='lat' dir='ltr'>Graecae</span> <span class='ocrx_word' id='word_1_283' title='bbox 727 2676 852 2736; x_wconf 78' lang='lat' dir='ltr'>civitatis</span> <span class='ocrx_word' id='word_1_284' title='bbox 872 2677 903 2736; x_wconf 89' lang='lat' dir='ltr'>in</span> <span class='ocrx_word' id='word_1_285' title='bbox 920 2677 1068 2737; x_wconf 78' lang='lat' dir='ltr'>Threciam</span> <span class='ocrx_word' id='word_1_286' title='bbox 1088 2674 1207 2746; x_wconf 88' lang='lat' dir='ltr'>introiit,</span> <span class='ocrx_word' id='word_1_287' title='bbox 1230 2676 1295 2749; x_wconf 91' lang='lat' dir='ltr'>glo-</span> 
     </span>
    </p>
   </div>
   <div class='ocr_carea' id='block_1_7' title="bbox 55 2894 1297 3350">
    <p class='ocr_par' dir='ltr' id='par_1_17' title="bbox 55 2894 1297 3350">
     <span class='ocr_line' id='line_1_30' title="bbox 55 2894 1296 2964; baseline 0.008 -17"><span class='ocrx_word' id='word_1_288' title='bbox 55 2918 60 2929; x_wconf 82' lang='lat'>.</span> <span class='ocrx_word' id='word_1_289' title='bbox 149 2895 322 2963; x_wconf 85' lang='lat' dir='ltr'>Oelzweigen‚</span> <span class='ocrx_word' id='word_1_290' title='bbox 343 2896 387 2949; x_wconf 92' lang='lat' dir='ltr'>bei</span> <span class='ocrx_word' id='word_1_291' title='bbox 409 2895 456 2949; x_wconf 89' lang='lat' dir='ltr'>dor</span> <span class='ocrx_word' id='word_1_292' title='bbox 476 2894 622 2950; x_wconf 88' lang='lat' dir='ltr'>Heimkehr</span> <span class='ocrx_word' id='word_1_293' title='bbox 642 2895 751 2950; x_wconf 84' lang='lat' dir='ltr'>wurden</span> <span class='ocrx_word' id='word_1_294' title='bbox 772 2896 815 2951; x_wconf 91' lang='lat' dir='ltr'>die</span> <span class='ocrx_word' id='word_1_295' title='bbox 836 2897 929 2964; x_wconf 80' lang='lat' dir='ltr'>Sieger</span> <span class='ocrx_word' id='word_1_296' title='bbox 950 2899 1001 2952; x_wconf 88' lang='lat' dir='ltr'>mit</span> <span class='ocrx_word' id='word_1_297' title='bbox 1022 2899 1214 2952; x_wconf 78' lang='lat' dir='ltr'>Laublrranzen</span> <span class='ocrx_word' id='word_1_298' title='bbox 1237 2899 1296 2957; x_wconf 83' lang='lat' dir='ltr'>und</span> 
     </span>
     <span class='ocr_line' id='line_1_31' title="bbox 148 2962 1297 3034; baseline 0.006 -18"><span class='ocrx_word' id='word_1_299' title='bbox 148 2962 271 3016; x_wconf 79' lang='lat' dir='ltr'>Bdudern</span> <span class='ocrx_word' id='word_1_300' title='bbox 283 2962 440 3025; x_wconf 81' lang='lat' dir='ltr'>boschenlrt3</span> <span class='ocrx_word' id='word_1_301' title='bbox 451 2967 588 3025; x_wconf 78' lang='lat' dir='ltr'>reminisci,</span> <span class='ocrx_word' id='word_1_302' title='bbox 607 2962 653 3016; x_wconf 89' lang='lat' dir='ltr'>der</span> <span class='ocrx_word' id='word_1_303' title='bbox 664 2966 828 3032; x_wconf 87' lang='lat' dir='ltr'>sogenannte</span> <span class='ocrx_word' id='word_1_304' title='bbox 836 2963 991 3019; x_wconf 86' lang='lat' dir='ltr'>Infinitivus</span> <span class='ocrx_word' id='word_1_305' title='bbox 1002 2965 1154 3028; x_wconf 87' lang='lat' dir='ltr'>historicus,</span> <span class='ocrx_word' id='word_1_306' title='bbox 1165 2965 1192 3018; x_wconf 87' lang='lat' dir='ltr'>S.</span> <span class='ocrx_word' id='word_1_307' title='bbox 1202 2967 1225 3034; x_wconf 69' lang='grc' dir='ltr'>ς.</span> <span class='ocrx_word' id='word_1_308' title='bbox 1234 2968 1297 3024; x_wconf 72' lang='grc'><strong>642.</strong></span> 
     </span>
     <span class='ocr_line' id='line_1_32' title="bbox 150 3028 1296 3166; baseline 0.004 -18"><span class='ocrx_word' id='word_1_309' title='bbox 150 3028 179 3082; x_wconf 32' lang='lat' dir='ltr'>Z·</span> <span class='ocrx_word' id='word_1_310' title='bbox 195 3030 222 3148; x_wconf 55' lang='lat' dir='ltr'>it</span> <span class='ocrx_word' id='word_1_311' title='bbox 236 3031 310 3157; x_wconf 59' lang='lat' dir='ltr'>iiia,</span> <span class='ocrx_word' id='word_1_312' title='bbox 322 3095 355 3150; x_wconf 86' lang='lat' dir='ltr'>cf.</span> <span class='ocrx_word' id='word_1_313' title='bbox 367 3088 458 3149; x_wconf 68' lang='lat' dir='ltr'>&#39;Thena</span> <span class='ocrx_word' id='word_1_314' title='bbox 470 3099 495 3159; x_wconf 79' lang='lat'>4,</span> <span class='ocrx_word' id='word_1_315' title='bbox 510 3099 537 3158; x_wconf 87' lang='lat' dir='ltr'>l;</span> <span class='ocrx_word' id='word_1_316' title='bbox 553 3098 645 3149; x_wconf 68' lang='lat' dir='ltr'>antae</span> <span class='ocrx_word' id='word_1_317' title='bbox 655 3099 709 3159; x_wconf 75' lang='lat' dir='ltr'>fcit,</span> <span class='ocrx_word' id='word_1_318' title='bbox 728 3113 749 3149; x_wconf 90' lang='lat' dir='ltr'>s.</span> <span class='ocrx_word' id='word_1_319' title='bbox 761 3096 908 3160; x_wconf 85' lang='lat' dir='ltr'>Wdrterb.;</span> <span class='ocrx_word' id='word_1_320' title='bbox 924 3103 1008 3159; x_wconf 81' lang='lat' dir='ltr'>cusai,</span> <span class='ocrx_word' id='word_1_321' title='bbox 1022 3098 1051 3153; x_wconf 89' lang='grc' dir='ltr'>Ζ.</span> <span class='ocrx_word' id='word_1_322' title='bbox 1062 3099 1085 3165; x_wconf 65' lang='grc' dir='ltr'>ς.</span> <span class='ocrx_word' id='word_1_323' title='bbox 1097 3101 1161 3162; x_wconf 85' lang='grc'><strong>416;</strong></span> <span class='ocrx_word' id='word_1_324' title='bbox 1179 3060 1296 3166; x_wconf 76' lang='lat' dir='ltr'>quorcica</span> 
     </span>
     <span class='ocr_line' id='line_1_33' title="bbox 150 3162 1297 3349; baseline 0.003 -68"><span class='ocrx_word' id='word_1_325' title='bbox 150 3162 550 3349; x_wconf 47' lang='grc' dir='ltr'>ομγᾷἶρίιξῖἰὲοἶῗῃε.2117ὄιιθι1ι.;</span> <span class='ocrx_word' id='word_1_326' title='bbox 569 3233 703 3297; x_wconf 80' lang='lat' dir='ltr'>pilaeque,</span> <span class='ocrx_word' id='word_1_327' title='bbox 724 3229 792 3281; x_wconf 87' lang='lat' dir='ltr'>oben</span> <span class='ocrx_word' id='word_1_328' title='bbox 808 3233 834 3293; x_wconf 87' lang='grc'>4,</span> <span class='ocrx_word' id='word_1_329' title='bbox 852 3233 867 3281; x_wconf 87' lang='grc'><strong>5</strong></span> <span class='ocrx_word' id='word_1_330' title='bbox 885 3229 974 3283; x_wconf 89' lang='lat' dir='ltr'>wurde</span> <span class='ocrx_word' id='word_1_331' title='bbox 991 3247 1043 3284; x_wconf 89' lang='lat' dir='ltr'>nur</span> <span class='ocrx_word' id='word_1_332' title='bbox 1063 3232 1159 3284; x_wconf 86' lang='lat' dir='ltr'>eines</span> <span class='ocrx_word' id='word_1_333' title='bbox 1182 3230 1297 3297; x_wconf 70' lang='lat' dir='ltr'>Rieilers</span> 
     </span>
     <span class='ocr_line' id='line_1_34' title="bbox 150 3311 277 3350; baseline 0 -2"><span class='ocrx_word' id='word_1_334' title='bbox 150 3312 218 3350; x_wconf 86' lang='lat' dir='ltr'>erwa</span> <span class='ocrx_word' id='word_1_335' title='bbox 237 3311 277 3349; x_wconf 93' lang='lat' dir='ltr'>n.</span> 
     </span>
    </p>
   </div>
   <div class='ocr_carea' id='block_1_8' title="bbox 150 3437 1297 3546">
    <p class='ocr_par' dir='ltr' id='par_1_18' title="bbox 150 3437 1297 3546">
     <span class='ocr_line' id='line_1_35' title="bbox 150 3437 1297 3497; baseline 0.001 -11"><span class='ocrx_word' id='word_1_336' title='bbox 150 3442 211 3495; x_wconf 81' lang='lat' dir='ltr'>cap.</span> <span class='ocrx_word' id='word_1_337' title='bbox 225 3439 285 3485; x_wconf 87' lang='lat' dir='ltr'>VII.</span> <span class='ocrx_word' id='word_1_338' title='bbox 298 3438 453 3484; x_wconf 83' lang='lat' dir='ltr'>Alcibiades</span> <span class='ocrx_word' id='word_1_339' title='bbox 467 3439 562 3493; x_wconf 87' lang='lat' dir='ltr'>erregt</span> <span class='ocrx_word' id='word_1_340' title='bbox 577 3441 637 3482; x_wconf 84' lang='lat' dir='ltr'>ants</span> <span class='ocrx_word' id='word_1_341' title='bbox 652 3448 719 3483; x_wconf 88' lang='lat' dir='ltr'>uene</span> <span class='ocrx_word' id='word_1_342' title='bbox 733 3437 782 3483; x_wconf 85' lang='lat' dir='ltr'>das</span> <span class='ocrx_word' id='word_1_343' title='bbox 798 3437 949 3484; x_wconf 81' lang='lat' dir='ltr'>llissfallen</span> <span class='ocrx_word' id='word_1_344' title='bbox 969 3440 1018 3486; x_wconf 90' lang='lat' dir='ltr'>der·</span> <span class='ocrx_word' id='word_1_345' title='bbox 1030 3441 1159 3497; x_wconf 78' lang='lat' dir='ltr'>Athenon,</span> <span class='ocrx_word' id='word_1_346' title='bbox 1174 3442 1209 3488; x_wconf 86' lang='lat' dir='ltr'>&#39;er</span> <span class='ocrx_word' id='word_1_347' title='bbox 1223 3443 1297 3488; x_wconf 88' lang='lat' dir='ltr'>wlrd</span> 
     </span>
     <span class='ocr_line' id='line_1_36' title="bbox 171 3493 1297 3546; baseline 0.004 -5"><span class='ocrx_word' id='word_1_348' title='bbox 171 3496 342 3542; x_wconf 81' lang='lat' dir='ltr'>aetnesAmts</span> <span class='ocrx_word' id='word_1_349' title='bbox 350 3495 379 3538; x_wconf 86' lang='lat' dir='ltr'>in</span> <span class='ocrx_word' id='word_1_350' title='bbox 388 3493 673 3538; x_wconf 82' lang='lat' dir='ltr'>seluerAbwesenlrclt</span> <span class='ocrx_word' id='word_1_351' title='bbox 680 3494 799 3537; x_wconf 81' lang='lat' dir='ltr'>antestat</span> <span class='ocrx_word' id='word_1_352' title='bbox 808 3496 863 3539; x_wconf 87' lang='lat' dir='ltr'>und</span> <span class='ocrx_word' id='word_1_353' title='bbox 872 3494 943 3539; x_wconf 73' lang='lat' dir='ltr'>lassa</span> <span class='ocrx_word' id='word_1_354' title='bbox 952 3496 1011 3540; x_wconf 81' lang='lat' dir='ltr'>stols</span> <span class='ocrx_word' id='word_1_355' title='bbox 1020 3496 1048 3541; x_wconf 87' lang='lat' dir='ltr'>ln</span> <span class='ocrx_word' id='word_1_356' title='bbox 1053 3496 1183 3543; x_wconf 80' lang='lat' dir='ltr'>Tlrraclen</span> <span class='ocrx_word' id='word_1_357' title='bbox 1193 3500 1297 3546; x_wconf 82' lang='lat' dir='ltr'>aleder.</span> 
     </span>
    </p>
   </div>
   <div class='ocr_carea' id='block_1_9' title="bbox 151 3567 1299 4169">
    <p class='ocr_par' dir='ltr' id='par_1_19' title="bbox 151 3567 1299 3704">
     <span class='ocr_line' id='line_1_37' title="bbox 203 3567 1299 3637; baseline 0.005 -14"><span class='ocrx_word' id='word_1_358' title='bbox 203 3575 224 3624; x_wconf 91' lang='lat'>1.</span> <span class='ocrx_word' id='word_1_359' title='bbox 243 3588 293 3624; x_wconf 85' lang='lat' dir='ltr'>non</span> <span class='ocrx_word' id='word_1_360' title='bbox 305 3574 380 3622; x_wconf 69' lang='lat' dir='ltr'>nimia</span> <span class='ocrx_word' id='word_1_361' title='bbox 394 3572 451 3633; x_wconf 81' lang='lat' dir='ltr'>fait</span> <span class='ocrx_word' id='word_1_362' title='bbox 468 3573 621 3623; x_wconf 54' lang='lat' dir='ltr'>‚diuturna</span> <span class='ocrx_word' id='word_1_363' title='bbox 643 3567 752 3622; x_wconf 89' lang='lat' dir='ltr'>dauerte</span> <span class='ocrx_word' id='word_1_364' title='bbox 769 3570 845 3622; x_wconf 91' lang='lat' dir='ltr'>nicht</span> <span class='ocrx_word' id='word_1_365' title='bbox 856 3571 923 3623; x_wconf 85' lang='lat' dir='ltr'>eben</span> <span class='ocrx_word' id='word_1_366' title='bbox 938 3570 1030 3637; x_wconf 81' lang='lat' dir='ltr'>lange3</span> <span class='ocrx_word' id='word_1_367' title='bbox 1047 3577 1160 3626; x_wconf 79' lang='lat' dir='ltr'>tradita:</span> <span class='ocrx_word' id='word_1_368' title='bbox 1176 3574 1206 3627; x_wconf 91' lang='lat' dir='ltr'>in</span> <span class='ocrx_word' id='word_1_369' title='bbox 1223 3575 1299 3629; x_wconf 81' lang='lat' dir='ltr'>scine</span> 
     </span>
     <span class='ocr_line' id='line_1_38' title="bbox 151 3637 847 3704; baseline -0.003 -13"><span class='ocrx_word' id='word_1_370' title='bbox 151 3637 231 3692; x_wconf 89' lang='lat' dir='ltr'>Hand</span> <span class='ocrx_word' id='word_1_371' title='bbox 246 3637 365 3704; x_wconf 89' lang='lat' dir='ltr'>gegeben</span> <span class='ocrx_word' id='word_1_372' title='bbox 370 3653 377 3698; x_wconf 92' lang='lat'>;</span> <span class='ocrx_word' id='word_1_373' title='bbox 396 3652 429 3688; x_wconf 78' lang='lat' dir='ltr'>ea</span> <span class='ocrx_word' id='word_1_374' title='bbox 447 3639 624 3688; x_wconf 67' lang='lat' dir='ltr'>sementinae.</span> <span class='ocrx_word' id='word_1_375' title='bbox 642 3637 847 3689; x_wconf 75' lang='lat' dir='ltr'>Atheniensium.</span> 
     </span>
    </p>

    <p class='ocr_par' dir='ltr' id='par_1_20' title="bbox 151 3701 1297 3840">
     <span class='ocr_line' id='line_1_39' title="bbox 202 3701 1297 3825; baseline 0.004 -68"><span class='ocrx_word' id='word_1_376' title='bbox 202 3707 225 3757; x_wconf 83' lang='lat'>2.</span> <span class='ocrx_word' id='word_1_377' title='bbox 242 3707 319 3757; x_wconf 85' lang='lat' dir='ltr'>Nibil</span> <span class='ocrx_word' id='word_1_378' title='bbox 334 3720 399 3756; x_wconf 87' lang='lat' dir='ltr'>non:</span> <span class='ocrx_word' id='word_1_379' title='bbox 420 3702 550 3768; x_wconf 87' lang='lat' dir='ltr'>geradezu</span> <span class='ocrx_word' id='word_1_380' title='bbox 566 3701 646 3765; x_wconf 86' lang='lat' dir='ltr'>allos,</span> <span class='ocrx_word' id='word_1_381' title='bbox 669 3701 734 3753; x_wconf 88' lang='lat' dir='ltr'>alles</span> <span class='ocrx_word' id='word_1_382' title='bbox 753 3701 821 3755; x_wconf 88' lang='lat' dir='ltr'>ohne</span> <span class='ocrx_word' id='word_1_383' title='bbox 837 3703 1011 3769; x_wconf 74' lang='lat' dir='ltr'>Ausnahmc,</span> <span class='ocrx_word' id='word_1_384' title='bbox 1026 3705 1053 3759; x_wconf 87' lang='lat' dir='ltr'>Z.</span> <span class='ocrx_word' id='word_1_385' title='bbox 1065 3706 1093 3825; x_wconf 55' lang='grc' dir='ltr'>ἓ.</span> <span class='ocrx_word' id='word_1_386' title='bbox 1111 3710 1174 3768; x_wconf 73' lang='lat'>7553</span> <span class='ocrx_word' id='word_1_387' title='bbox 1192 3723 1227 3760; x_wconf 75' lang='lat' dir='ltr'>ea</span> <span class='ocrx_word' id='word_1_388' title='bbox 1243 3725 1297 3775; x_wconf 83' lang='lat' dir='ltr'>qao</span> 
     </span>
     <span class='ocr_line' id='line_1_40' title="bbox 151 3768 1186 3840; baseline 0 -15"><span class='ocrx_word' id='word_1_389' title='bbox 151 3774 240 3835; x_wconf 74' lang='lat' dir='ltr'>fiebat:</span> <span class='ocrx_word' id='word_1_390' title='bbox 257 3770 300 3823; x_wconf 91' lang='lat' dir='ltr'>die</span> <span class='ocrx_word' id='word_1_391' title='bbox 316 3769 399 3836; x_wconf 84' lang='lat' dir='ltr'>Fulge</span> <span class='ocrx_word' id='word_1_392' title='bbox 414 3769 499 3822; x_wconf 83' lang='lat' dir='ltr'>dauon</span> <span class='ocrx_word' id='word_1_393' title='bbox 516 3784 582 3830; x_wconf 87' lang='lat' dir='ltr'>war;</span> <span class='ocrx_word' id='word_1_394' title='bbox 600 3785 660 3821; x_wconf 84' lang='lat' dir='ltr'>cam</span> <span class='ocrx_word' id='word_1_395' title='bbox 678 3773 864 3835; x_wconf 81' lang='lat' dir='ltr'>loquerentur.-</span> <span class='ocrx_word' id='word_1_396' title='bbox 880 3768 914 3822; x_wconf 90' lang='lat' dir='ltr'>da</span> <span class='ocrx_word' id='word_1_397' title='bbox 930 3770 977 3823; x_wconf 88' lang='lat' dir='ltr'>das</span> <span class='ocrx_word' id='word_1_398' title='bbox 997 3771 1064 3825; x_wconf 77' lang='lat' dir='ltr'>(lere</span> <span class='ocrx_word' id='word_1_399' title='bbox 1082 3789 1096 3825; x_wconf 92' lang='lat' dir='ltr'>e</span> <span class='ocrx_word' id='word_1_400' title='bbox 1113 3773 1186 3840; x_wconf 89' lang='lat' dir='ltr'>ging.</span> 
     </span>
    </p>

    <p class='ocr_par' dir='ltr' id='par_1_21' title="bbox 153 3833 1299 4031">
     <span class='ocr_line' id='line_1_41' title="bbox 203 3833 1298 3907; baseline 0.003 -17"><span class='ocrx_word' id='word_1_401' title='bbox 203 3842 227 3890; x_wconf 87' lang='lat'>3.</span> <span class='ocrx_word' id='word_1_402' title='bbox 244 3839 409 3897; x_wconf 76' lang='lat' dir='ltr'>antefuisse</span> <span class='ocrx_word' id='word_1_403' title='bbox 426 3840 573 3903; x_wconf 83' lang='lat' dir='ltr'>opinionem,</span> <span class='ocrx_word' id='word_1_404' title='bbox 595 3833 705 3887; x_wconf 81' lang='lat' dir='ltr'>auderet</span> <span class='ocrx_word' id='word_1_405' title='bbox 730 3849 782 3887; x_wconf 85' lang='lat' dir='ltr'>von</span> <span class='ocrx_word' id='word_1_406' title='bbox 799 3836 863 3900; x_wconf 90' lang='lat' dir='ltr'>ihm,</span> <span class='ocrx_word' id='word_1_407' title='bbox 888 3836 913 3889; x_wconf 84' lang='lat' dir='ltr'>S.</span> <span class='ocrx_word' id='word_1_408' title='bbox 933 3839 956 3905; x_wconf 65' lang='grc' dir='ltr'>ξ.</span> <span class='ocrx_word' id='word_1_409' title='bbox 973 3841 1030 3891; x_wconf 83' lang='grc'><strong>466.</strong></span> <span class='ocrx_word' id='word_1_410' title='bbox 1049 3839 1078 3891; x_wconf 89' lang='grc' dir='ltr'>Ζ.</span> <span class='ocrx_word' id='word_1_411' title='bbox 1095 3841 1118 3907; x_wconf 61' lang='grc' dir='ltr'>ᾗ.</span> <span class='ocrx_word' id='word_1_412' title='bbox 1136 3842 1193 3893; x_wconf 81' lang='lat'>422.</span> <span class='ocrx_word' id='word_1_413' title='bbox 1213 3844 1298 3894; x_wconf 76' lang='lat' dir='ltr'>Tinne-</span> 
     </span>
     <span class='ocr_line' id='line_1_42' title="bbox 154 3902 1299 3970; baseline 0.003 -12"><span class='ocrx_word' id='word_1_414' title='bbox 154 3907 233 3958; x_wconf 80' lang='lat' dir='ltr'>butnr</span> <span class='ocrx_word' id='word_1_415' title='bbox 244 3945 249 3957; x_wconf 84' lang='lat'>.</span> <span class='ocrx_word' id='word_1_416' title='bbox 262 3944 267 3956; x_wconf 93' lang='lat'>.</span> <span class='ocrx_word' id='word_1_417' title='bbox 280 3945 304 3957; x_wconf 91' lang='lat'>..</span> <span class='ocrx_word' id='word_1_418' title='bbox 325 3902 442 3956; x_wconf 74' lang='lat' dir='ltr'>Consta:</span> <span class='ocrx_word' id='word_1_419' title='bbox 460 3904 519 3955; x_wconf 86' lang='lat' dir='ltr'>Non</span> <span class='ocrx_word' id='word_1_420' title='bbox 535 3907 622 3954; x_wconf 84' lang='lat' dir='ltr'>minus</span> <span class='ocrx_word' id='word_1_421' title='bbox 640 3906 714 3962; x_wconf 77' lang='lat' dir='ltr'>enim,</span> <span class='ocrx_word' id='word_1_422' title='bbox 733 3919 814 3968; x_wconf 82' lang='lat' dir='ltr'>quam</span> <span class='ocrx_word' id='word_1_423' title='bbox 831 3905 994 3970; x_wconf 63' lang='lat' dir='ltr'>diligebatur,</span> <span class='ocrx_word' id='word_1_424' title='bbox 1011 3908 1158 3969; x_wconf 76' lang='lat' dir='ltr'>timebatur,</span> <span class='ocrx_word' id='word_1_425' title='bbox 1176 3925 1245 3960; x_wconf 81' lang='lat' dir='ltr'>na...</span> <span class='ocrx_word' id='word_1_426' title='bbox 1263 3933 1299 3954; x_wconf 91' lang='lat'>=</span> 
     </span>
     <span class='ocr_line' id='line_1_43' title="bbox 153 3967 601 4031; baseline -0.009 -7"><span class='ocrx_word' id='word_1_427' title='bbox 153 3987 216 4025; x_wconf 91' lang='lat' dir='ltr'>man</span> <span class='ocrx_word' id='word_1_428' title='bbox 232 3970 365 4023; x_wconf 83' lang='lat' dir='ltr'>idrchtete</span> <span class='ocrx_word' id='word_1_429' title='bbox 383 3985 433 4022; x_wconf 92' lang='lat' dir='ltr'>von</span> <span class='ocrx_word' id='word_1_430' title='bbox 450 3968 515 4031; x_wconf 91' lang='lat' dir='ltr'>ihm,</span> <span class='ocrx_word' id='word_1_431' title='bbox 533 3967 601 4020; x_wconf 85' lang='lat' dir='ltr'>dass.</span> 
     </span>
    </p>

    <p class='ocr_par' dir='ltr' id='par_1_22' title="bbox 158 4034 1299 4169">
     <span class='ocr_line' id='line_1_44' title="bbox 204 4034 1299 4106; baseline 0.005 -17"><span class='ocrx_word' id='word_1_432' title='bbox 204 4041 227 4089; x_wconf 83' lang='lat'>4.</span> <span class='ocrx_word' id='word_1_433' title='bbox 240 4042 354 4106; x_wconf 80' lang='lat' dir='ltr'>prinus,</span> <span class='ocrx_word' id='word_1_434' title='bbox 372 4035 400 4088; x_wconf 85' lang='lat' dir='ltr'>Z.</span> <span class='ocrx_word' id='word_1_435' title='bbox 418 4037 440 4103; x_wconf 67' lang='grc' dir='ltr'>ξ.</span> <span class='ocrx_word' id='word_1_436' title='bbox 454 4037 516 4097; x_wconf 85' lang='grc'><strong>686;</strong></span> <span class='ocrx_word' id='word_1_437' title='bbox 534 4040 562 4087; x_wconf 83' lang='lat' dir='ltr'>in</span> <span class='ocrx_word' id='word_1_438' title='bbox 574 4037 719 4087; x_wconf 71' lang='lat' dir='ltr'>dierectum:</span> <span class='ocrx_word' id='word_1_439' title='bbox 736 4035 766 4087; x_wconf 91' lang='lat' dir='ltr'>in</span> <span class='ocrx_word' id='word_1_440' title='bbox 783 4034 829 4088; x_wconf 89' lang='lat' dir='ltr'>das</span> <span class='ocrx_word' id='word_1_441' title='bbox 841 4035 936 4089; x_wconf 90' lang='lat' dir='ltr'>Inuere</span> <span class='ocrx_word' id='word_1_442' title='bbox 948 4036 993 4089; x_wconf 89' lang='lat' dir='ltr'>des</span> <span class='ocrx_word' id='word_1_443' title='bbox 1005 4036 1121 4102; x_wconf 87' lang='lat' dir='ltr'>Laudes;</span> <span class='ocrx_word' id='word_1_444' title='bbox 1140 4038 1181 4092; x_wconf 88' lang='lat' dir='ltr'>dio</span> <span class='ocrx_word' id='word_1_445' title='bbox 1193 4038 1299 4095; x_wconf 83' lang='lat' dir='ltr'>detcn</span> 
     </span>
     <span class='ocr_line' id='line_1_45' title="bbox 158 4100 861 4169; baseline -0.004 -10"><span class='ocrx_word' id='word_1_446' title='bbox 158 4120 242 4160; x_wconf 67' lang='lat' dir='ltr'>aaran</span> <span class='ocrx_word' id='word_1_447' title='bbox 261 4103 342 4156; x_wconf 89' lang='lat' dir='ltr'>sehon</span> <span class='ocrx_word' id='word_1_448' title='bbox 360 4103 452 4169; x_wconf 75' lang='lat' dir='ltr'>linget</span> <span class='ocrx_word' id='word_1_449' title='bbox 468 4117 520 4154; x_wconf 82' lang='lat' dir='ltr'>ron</span> <span class='ocrx_word' id='word_1_450' title='bbox 536 4100 586 4154; x_wconf 91' lang='lat' dir='ltr'>den</span> <span class='ocrx_word' id='word_1_451' title='bbox 605 4100 736 4155; x_wconf 83' lang='lat' dir='ltr'>Grieclren</span> <span class='ocrx_word' id='word_1_452' title='bbox 752 4102 861 4156; x_wconf 86' lang='lat' dir='ltr'>besotzt.</span> 
     </span>
    </p>
   </div>
   <div class='ocr_carea' id='block_1_10' title="bbox 0 0 1350 4478">
    <p class='ocr_par' dir='ltr' id='par_1_23' title="bbox 0 0 1350 4478">
     <span class='ocr_line' id='line_1_46' title="bbox 0 0 1350 4478; baseline 0 0"><span class='ocrx_word' id='word_1_453' title='bbox 0 0 1350 4478; x_wconf 95' lang='lat' dir='ltr'> </span> 
     </span>
    </p>
   </div>
  </div>
 </body>
</html>
