2684 4478
492 227 598 286 XVIII.
640 225 830 285 numurus.
1003 224 1007 231 '
1198 221 1237 280 87

85 425 149 479 ces;
171 407 326 482 quaeritur,
350 408 417 483 quid
431 426 503 483 opus
516 407 556 466 sit
569 405 656 465 facto.
682 409 893 480 Intellegebant
908 423 1013 479 omnes,
1035 410 1095 467 tam
1109 404 1238 467 celeriter

86 491 187 565 copias
201 490 328 565 ipsorum
339 492 469 550 contrahi
478 507 536 549 non
546 505 640 563 posse,
656 507 742 563 quem
750 490 915 565 Antigonus
926 492 1068 550 affuturus
1079 490 1237 550 videbatur.

85 575 144 633 Hic
166 573 296 634 omnibus
315 574 508 634 titubantibus
523 576 553 633 et
566 572 600 631 de
614 574 701 632 rebus
715 573 831 634 summis
849 573 1076 647 desperantibus,
1096 575 1238 633 Eumenes
1268 573 1287 630 2
1319 641 1320 644 Ἴ

87 657 139 729 ait,
161 656 188 717 si
210 656 384 717 celeritatem
404 657 493 716 velint
513 654 646 714 adhibere
666 659 696 714 et
710 656 848 731 imperata
869 656 972 728 fecere,
996 657 1071 730 quod
1092 660 1159 717 ente
1180 672 1238 715 non

86 739 217 811 fecerint,
241 756 271 799 se
292 757 352 800 rem
373 739 576 814 expediturum.
597 740 674 797 Nam
693 740 766 813 quod
780 739 879 799 diebus
895 738 1017 814 quinque
1037 739 1128 799 hostis
1141 742 1237 798 trans·

87 823 147 885 isse
167 824 273 898 posset,
296 840 327 882 se
348 824 522 893 effecturum,
545 824 657 881 utnon
677 823 771 882 minus
785 822 902 882 totidem
916 822 1025 882 dierum
1038 822 1131 897 spatio
1145 824 1238 881 retar-

88 908 214 967 daretur.
236 905 331 976 Quare
352 905 544 976 circumirent,
562 921 630 963 suas
652 905 770 979 quisque
792 907 972 965 contraheret
994 905 1099 981 copias.
1117 905 1162 964 Ad
1176 905 1237 963 An·
1268 905 1287 962 3

87 989 183 1065 tigoni
203 991 298 1048 autem
318 989 518 1048 refrenandum
539 987 674 1061 impetum
687 990 745 1047 tale
760 988 838 1063 capit
855 987 1012 1048 consilinm.
1038 989 1136 1049 Certos
1150 987 1239 1048 mittit

87 1073 217 1135 hemines
232 1071 269 1130 ad
282 1071 393 1131 infimos
407 1073 527 1142 montes,
549 1069 695 1144 quinovit
716 1074 798 1131 erant
817 1071 914 1131 itineri
932 1072 1165 1142 adversariorum,
1187 1071 1238 1130 iis·

88 1173 144 1232 que
164 1154 313 1231 praecipit,
336 1158 371 1213 ut
388 1154 480 1228 prima
499 1156 593 1225 nocte,
616 1170 700 1226 quam
719 1155 858 1215 latissime
882 1154 1002 1230 possint,
1029 1155 1105 1229 ignis
1129 1153 1239 1214 faciant

87 1256 176 1316 quam
195 1237 331 1297 maximos
353 1238 438 1311 etque
458 1238 509 1296 bos
531 1237 657 1296 secunda
676 1237 775 1310 uigilia
795 1237 934 1310 minuant,
962 1239 1049 1298 tertia
1069 1238 1238 1313 perexiguos
1268 1239 1288 1296 4

87 1323 218 1393 reddant,
240 1323 275 1380 ut
295 1320 462 1380 assimulata
483 1321 643 1378 nestrorum
670 1321 875 1380 consuetudine
902 1321 1091 1396 suspicionem
1119 1322 1240 1381 iniciant

88 1405 229 1476 hostibus,
256 1402 301 1462 his
321 1402 393 1462 locis
415 1420 477 1472 esse
498 1404 595 1461 castra
615 1419 650 1461 ac
672 1403 706 1462 de
727 1419 825 1462 eorum
845 1404 969 1464 adventu
990 1406 1237 1480 praenuntiatum

90 1491 219 1562 idemque
245 1488 361 1561 postera
386 1488 470 1545 nocte
496 1485 614 1544 faciant.
658 1485 767 1556 Quibus
792 1486 961 1562 imperatum
987 1490 1057 1560 erat,
1088 1488 1239 1561 diligenter
1268 1488 1287 1546 5

89 1572 275 1648 praeceptum
300 1571 412 1628 curent.
454 1567 627 1641 Antigonus,
652 1568 778 1629 tenebris
800 1569 917 1642 obortis,
944 1570 1237 1647 igniacenspicatn13

88 1653 189 1726 credit,
212 1653 246 1712 de
265 1668 317 1712 suo
340 1651 463 1711 adventu
485 1668 547 1710 esse
568 1651 696 1711 auditum
710 1654 739 1712 et
753 1652 930 1713 adversarios
944 1654 1012 1714 illuc
1034 1672 1101 1714 suas
1124 1658 1238 1714 contra-

88 1739 167 1798 xisse
188 1735 295 1809 copias.
330 1735 426 1793 Mutat
447 1733 654 1806 consiliumet,
676 1735 809 1808 queniam
829 1736 1035 1811 imprudentem
1055 1737 1161 1797 adoriri
1181 1755 1239 1797 non
1268 1738 1287 1795 6

89 1822 197 1897 posset,
224 1817 316 1878 flectit
337 1817 392 1876 iter
413 1834 496 1876 suum
516 1818 545 1876 et
566 1816 645 1875 illum
665 1818 826 1878 anfractum
847 1820 1003 1893 longiorem
1024 1821 1155 1895 copiosae
1176 1821 1239 1881 viee

91 1904 178 1979 cepit,
199 1901 294 1976 ibique
313 1900 385 1958 diem
405 1917 494 1958 unum
509 1899 654 1974 opperitur
674 1901 710 1959 ed
730 1902 925 1963 lassitudinem
946 1904 1098 1964 sedandam
1118 1905 1239 1964 militum

90 2005 126 2048 ac
146 1983 299 2047 reficienda
318 1983 453 2053 iumenta,
476 1999 531 2057 quo
552 1982 706 2055 integriore
727 1985 853 2044 exercitu
875 1987 1047 2046 decerneret.

152 2068 211 2129 Hic
218 2068 360 2127 Eumenes
376 2065 507 2125 callidum
520 2065 718 2140 imperatorem
727 2067 797 2126 vicit
811 2069 928 2128 consilio
944 2070 1172 2145 celeritatemque
1182 2071 1235 2131 im·
1244 2067 1286 2135 10

91 2151 198 2228 pedivit
218 2150 287 2221 eins,
305 2166 396 2223 neque
416 2151 512 2207 temen
532 2149 651 2208 multum
672 2150 800 2223 profecit.
822 2153 897 2211 Nem
912 2151 1018 2212 invidia
1037 2154 1148 2224 ducum,
1172 2172 1235 2214 cum
1268 2155 1286 2210 2

90 2235 195 2311 quibus
209 2236 279 2305 erat,
300 2231 472 2307 perfidiaque
487 2231 673 2291 Macedonum
685 2236 892 2307 veteranorum,
909 2253 974 2295 cum
988 2237 1116 2311 superior
1129 2227 1235 2311 proelio

90 2317 279 2386 discemiseet,
300 2314 446 2389 Antigono
468 2317 511 2375 est
532 2315 651 2386 deditus,
675 2333 738 2376 cum
759 2317 900 2378 exercitus
916 2318 942 2378 ei
955 2322 1000 2379 ter
1015 2323 1082 2379 ante
1097 2321 1236 2394 separatis

89 2399 266 2475 temporibus
289 2397 421 2469 iurasset,
448 2414 479 2457 se
501 2414 566 2456 eum
586 2397 766 2459 defensurum
787 2418 878 2475 neque
898 2419 1032 2477 umquem
1052 2404 1237 2463 deserturum.

90 2484 146 2544 Sed
163 2485 247 2541 tanta
266 2480 322 2541 luit
337 2481 536 2539 nonnullorum
549 2481 664 2540 virtutis
680 2483 858 2554 obtrectatio,
881 2486 915 2543 ut
927 2485 1009 2545 fldem
1024 2485 1154 2545 amittere
1167 2489 1238 2545 mal·

90 2569 161 2638 lent,
179 2582 263 2640 quam
285 2582 348 2624 eum
369 2580 427 2622 non
443 2564 568 2637 perdere.
600 2564 695 2639 Atque
715 2567 791 2626 hunc
809 2567 981 2642 Antigonus,
1005 2586 1070 2628 cum
1090 2569 1117 2628 ei
1136 2569 1239 2630 tumeat
1267 2571 1286 2628 3

90 2647 302 2718 infestissimus,
326 2649 532 2717 conservasset,
553 2646 580 2705 si
597 2665 649 2721 per
662 2665 730 2708 suos
745 2652 821 2710 esset
834 2651 952 2722 licitum,
974 2652 1048 2725 quod
1062 2653 1099 2711 ab
1113 2655 1192 2712 nullo
1207 2671 1238 2713 se

90 2734 157 2808 plus
177 2729 306 2790 adiuuari
326 2746 410 2805 posse
431 2728 617 2803 intellegebat
637 2731 668 2789 iu
688 2731 834 2805 derebus,
857 2751 928 2809 quas
942 2735 1102 2810 impendere
1115 2735 1172 2794 iem
1186 2754 1238 2811 ap·

142 2895 167 2945 2.
184 2896 216 2945 de
226 2892 303 2945 retae
315 2895 432 2952 eamme,
445 2905 480 2943 an
491 2889 564 2943 ihrer
574 2889 707 2960 Rettung;
724 2910 752 2946 ee
763 2911 817 2947 rem
828 2900 1031 2964 reportaturum:
1046 2897 1133 2952 werde
1148 2914 1177 2951 er
1188 2913 1237 2951 ens

91 2959 139 3013 der
155 2957 345 3024 Verlegenheit
359 2955 456 3009 hellen.
484 2957 555 3010 Nam
589 2961 642 3010 eod
656 2987 690 2996 —
702 2967 806 3027 posset:
822 2961 892 3015 donn
908 2978 963 3017 was
980 2962 1027 3018 des
1043 2963 1153 3027 betrtle,
1172 2963 1237 3018 deas

90 3025 142 3104 der
154 3023 240 3078 Ileind
256 3024 285 3076 in
301 3021 417 3101 fdulvTe
436 3038 470 3075 en
487 3022 537 3076 den
554 2974 715 3092 [febergang
732 3027 861 3092 (mamlich
877 3027 942 3082 tiber
958 3029 1005 3084 das
1018 3029 1100 3085 GebIr
1119 3048 1133 3084 e
1149 3032 1179 3085 iu
1190 3031 1235 3084 Pi·

90 3091 189 3159 aidren)
201 3089 411 3156 bewerlrstelhgt
417 3039 509 3143 16166
519 3089 632 3152 kbnnte;
643 3097 788 3146 conminus
796 3100 921 3164 -epatr'e
933 3095 1001 3151 ohne
1009 3115 1097 3166 quam,
1130 3098 1169 3167 .§.
1178 3101 1235 3152 485.

142 3161 166 3210 3.
182 3160 219 3210 ad
228 3159 326 3224 (666666
336 3161 445 3210 monice:
460 3171 496 3208 an
513 3153 563 3208 den
574 3155 643 3209 Fuso
660 3155 706 3211 des
719 3159 864 3227 GebIrges5
877 3167 968 3230 prima
984 3171 1055 3217 nocta
1067 3167 1138 3218 staec
1148 3170 1236 3232 prima

88 3227 182 3292 astilia
192 3227 287 3285 acciu
304 3221 347 3276 die
358 3221 454 3275 Rbmer
464 3220 580 3276 theiltan
591 3221 634 3276 die
645 3223 737 3278 Necht
747 3225 776 3279 in
788 3229 812 3286 4,
829 3226 871 3281 (116
884 3227 1015 3283 Griechen
1032 3231 1061 3283 ln
1079 3234 1094 3282 3
1109 3231 1235 3284 Wachen.

140 3295 165 3343 4.
181 3293 335 3342 aramenta
352 3295 482 3342 caeteram
498 3295 691 3352 cmrractcde'ae,
708 3290 769 3344 nob
787 3293 857 3348 abs:
880 3294 964 3348 durch
981 3295 1024 3349 die
1038 3295 1236 3365 Nachahmung

89 3355 136 3410 des
154 3354 307 3411 Gebrauchs
322 3355 362 3408 im
377 3352 471 3422 Lager.

87 3496 122 3543 w
140 3425 163 3476 6.
181 3426 303 3490 quoniam
319 3451 354 3460 --
366 3426 461 3488 peceat,
482 3418 606 3475 GedanIe
623 3420 669 3474 des
686 3423 849 3492 Antigonus,
866 3425 947 3481 daher
963 3427 1011 3482 der
1028 3426 1115 3497 conj.;
1132 3446 1185 3496 que
1201 3454 1236 3476 =

138 3507 173 3543 eo.

87 3589 150 3644 (lap.
165 3587 198 3633 Χ.
218 3585 347 3632 Eumenes
360 3585 467 3640 basrege
480 3585 532 3631 den
541 3587 703 3643 antigonus,
716 3589 788 3634 wlrd
802 3590 868 3637 eber·
882 3591 1035 3638 damrelben
1049 3604 1102 3640 von
1115 3594 1166 3640 den
1180 3595 1233 3640 Sel·

112 3645 193 3700 sigen
207 3641 395 3700 ausgellelart.
410 3642 462 3689 315
477 3654 504 3689 v·
517 3644 580 3689 blm.

140 3722 162 3772 l.
180 3722 246 3772 Hic:
260 3717 305 3770 flir
319 3716 400 3786 jetrt;
418 3735 502 3785 aeque
518 3725 619 3773 tamea:
636 3717 757 3774 denuocb
773 3722 838 3775 aber
854 3722 936 3786 nicht,
955 3722 1030 3776 oder:
1048 3723 1117 3778 ohne
1130 3723 1241 3793 jedoch‚¹

85 3785 120 3840 cf.
137 3785 197 3840 Alc.
214 3788 238 3848 5,
258 3786 280 3848 1,
297 3801 381 3852 nequa
397 3801 464 3838 aero.

136 3855 160 3905 2.
179 3868 239 3905 cam
255 3853 361 3919 quidue,
378 3850 411 3904 el.
424 3849 496 3904 Milt.
516 3853 537 3914 l,
556 3853 584 3914 23
601 3869 662 3906 cam
678 3857 800 3921 superior
817 3859 991 3910 discesserat:
1008 3856 1130 3922 obgleich
1147 3875 1176 3913 er
1186 3877 1233 3928 ge·

85 3919 158 3987 siegt
168 3918 258 3996 hatt03
276 3934 336 3971 cam
346 3947 381 3956 —-
392 3921 521 3971 iurasset:
536 3916 570 3970 da
581 3916 650 3971 doch
660 3937 708 3982 -;
723 3925 916 3983 macenorum,
936 3920 1001 3976 Gen.
1014 3922 1096 3990 subj.;
1113 3929 1231 3990 virtutis,

85 3984 159 4105 Gonia..
170 3984 245 4114 Ἐκ,
265 4049 398 4117 obgleich;
412 4067 462 4118 per
478 4066 541 4104 auce
558 4031 624 4103 esset
641 4054 751 4113 licitam,
770 4051 797 4104 Ζ.
815 4052 839 4120 ᾗ.
857 4055 915 4107 301.
