2684 4478
344 255 347 259 -
457 215 517 275 XV.
560 210 846 273 EPAMINONDAB.
1208 210 1245 269 71

92 396 224 474 pernicie
245 397 307 456 eius
323 396 435 472 patriae
449 396 534 456 astam
554 397 696 471 putabant
716 397 846 468 salutem,
867 394 994 455 universi
1007 394 1037 453 in
1057 411 1146 453 unum
1159 392 1248 466 impe-

92 486 158 540 tum
177 480 317 552 fecerunt,
339 497 430 554 neque
449 479 529 554 prius
549 480 758 551 abscesserunt,
781 496 865 553 quam
879 495 983 552 magna
998 477 1081 537 caede
1096 476 1247 550 multisque

89 562 203 624 occisis
220 558 375 623 fortissime
389 562 482 637 ipsum
502 561 725 637 Epaminondam
744 565 927 636 pugnantem,
950 577 1035 635 sparo
1055 559 1164 619 eminus
1181 577 1247 633 per·

95 664 223 718 cussum,
251 646 398 706 concidere
424 644 565 705 viderunt
606 645 701 704 Huius
728 661 797 704 casu
823 645 999 719 aliquantum
1018 642 1156 702 retardati
1177 644 1247 701 sunt
1276 643 1295 700 2

94 729 217 802 Boeotii,
239 746 331 803 neque
345 732 442 788 tamen
456 730 535 803 prius
550 745 648 803 pugna
663 731 854 800 excesserunt,
876 745 960 801 quam
976 726 1165 801 repugnantis
1179 741 1245 800 pro-

94 814 247 888 fligarunt.
267 813 309 871 At
322 810 541 887 Epaminondas,
565 829 629 886 curn
644 810 887 883 animadverteret,
909 809 1084 870 mortiferum
1098 827 1129 868 se
1143 810 1246 867 vulnus
1275 810 1294 868 3

96 896 246 971 accepisse
265 895 413 969 simulque,
437 895 463 954 si
482 895 596 966 ferrum,
620 895 694 969 quod
715 912 748 954 ex
769 895 866 954 hastili
884 894 915 953 in
929 910 1047 968 corpore
1061 893 1244 962 remanserat,

96 978 277 1051 extraxisset,
300 978 422 1037 animam
436 978 533 1037 statim
549 977 724 1050 emissurum,
740 995 829 1051 usque
844 995 876 1037 eo
892 977 1018 1048 retinnit,
1035 976 1127 1051 quoad
1140 992 1246 1033 renun-

94 1062 202 1123 tiatum
221 1065 274 1133 est,
297 1061 401 1120 rioisse
415 1061 558 1122 Boeotios.
581 1061 616 1119 Id
635 1063 786 1135 postquam
800 1060 916 1132 audivit,
940 1061 1024 1132 Satis,
1047 1059 1147 1133 inquit,
1169 1057 1244 1116 rixi:
1274 1061 1294 1119 4

94 1145 222 1206 invictus
243 1144 317 1205 enim
338 1144 452 1202 morior.
486 1145 558 1203 Tum
576 1143 651 1203 ferro
674 1146 809 1216 extracto,
830 1144 978 1204 confestim
999 1144 1175 1202 exanimatus
1189 1143 1242 1199 est.

159 1229 216 1289 Hic
236 1244 352 1287 uxorem
372 1245 525 1301 numquam
547 1226 635 1285 duxit.
671 1228 707 1286 In
728 1244 783 1300 quo
806 1245 869 1286 cnm
889 1228 1148 1300 reprehenderetur,
1169 1224 1242 1299 quod
1250 1225 1293 1294 10
1333 1268 1337 1275 .

93 1312 202 1373 liberos
222 1327 281 1370 non
295 1311 474 1385 relinqueret,
497 1328 515 1369 a
529 1309 673 1384 Pelopida,
695 1309 744 1384 qui
757 1311 847 1370 filium
860 1311 983 1369 habebat
996 1311 1136 1380 infamem,
1155 1309 1243 1367 male·

93 1412 233 1470 quaeum
245 1394 324 1454 ineo
340 1393 450 1468 patriae
466 1394 612 1453 consulere
628 1393 741 1465 diceret,
763 1393 843 1465 Vide,
865 1392 966 1466 inquit,
982 1411 1018 1453 no
1032 1396 1066 1452 tu
1079 1393 1160 1467 peius
1175 1408 1243 1451 oon·

94 1480 185 1551 sulas,
208 1477 257 1551 qui
276 1474 363 1536 talem
384 1494 417 1536 ex
437 1479 468 1536 te
487 1479 587 1535 natum
599 1476 752 1536 relicturus
773 1477 822 1536 sis.
844 1477 944 1551 Neque
965 1493 1031 1536 vero
1047 1477 1133 1551 stirps
1148 1476 1243 1550 potest
1272 1478 1290 1534 2

92 1562 166 1622 milri
186 1561 292 1620 deesse.
319 1561 450 1633 Namque
465 1578 498 1620 ex
512 1577 557 1619 me
570 1563 668 1618 natam
680 1560 807 1633 relinquo
822 1578 947 1634 pugnam
961 1559 1147 1631 Leuctricam,
1170 1575 1242 1633 quae

94 1660 154 1705 non
174 1644 255 1703 modo
276 1643 345 1701 mihi
366 1646 519 1717 superstes,
543 1642 697 1702 sedetiam
718 1643 883 1703 immortalis
901 1644 940 1703 sit
953 1661 1069 1703 necesse
1090 1647 1143 1702 est.
1180 1642 1241 1711 Quo
1271 1643 1290 1702 3

93 1731 223 1802 tempore
243 1727 315 1787 duce
335 1725 471 1801 Pelopida
499 1727 594 1785 exules
617 1727 728 1785 Thebas
749 1729 925 1802 occuparunt
947 1731 976 1787 et
995 1726 1165 1802 praesidium
1185 1726 1242 1783 La-

95 1810 340 1871 cedaemoniorum
361 1826 394 1869 ex
415 1827 481 1868 arce
500 1811 676 1884 expulerunt,
699 1810 916 1884 Epaminondas,
946 1811 1078 1885 quamdiu
1098 1810 1178 1869 facta
1197 1810 1243 1868 est

95 1894 198 1955 medes
219 1893 331 1964 civium,
357 1892 438 1951 domo
459 1910 490 1952 se
511 1893 613 1965 tenuit,
641 1893 715 1966 quod
736 1911 826 1967 neque
847 1896 935 1953 malos
961 1895 1107 1954 defendere
1128 1892 1242 1952 volebat

94 1994 187 2052 neque
208 1976 385 2051 impugnare,
413 1993 450 2035 ne
478 1993 579 2035 manus
600 1992 716 2035 suorum
736 1977 876 2050 sanguine
896 1980 1069 2036 cruentaret.
1111 1978 1241 2049 Namque

94 2077 207 2121 omnem
227 2058 337 2119 civilem
361 2058 510 2118 victoriam
534 2059 677 2118 funestam
703 2062 832 2134 putabat.
874 2061 960 2133 Idem,
987 2063 1137 2135 postquam
1165 2057 1241 2133 apud

94 2144 244 2204 Cadmeam
261 2159 326 2201 cum
338 2142 569 2201 Lacedaemoniis
582 2160 681 2217 pugna
695 2144 796 2218 coepit,
819 2144 849 2202 in
863 2143 961 2219 primis
976 2144 1064 2202 stetit.
1092 2143 1187 2202 Huius
1207 2141 1240 2198 de
1269 2140 1290 2197 4

92 2225 250 2287 virtutibus
264 2225 379 2299 vitaque
394 2225 466 2284 satis
480 2225 535 2285 erit
549 2225 664 2298 dictum,
680 2226 706 2284 si
718 2228 772 2286 hoc
785 2244 874 2286 unum
888 2227 1049 2298 adiunxero,
1072 2227 1146 2301 quod
1160 2241 1239 2284 nemo

92 2310 149 2370 ibit
175 2308 293 2381 infitias,
322 2308 434 2368 Thebas
459 2311 488 2367 et
514 2311 581 2368 ante
601 2309 823 2384 Epaminondam
850 2314 950 2369 natum
972 2314 1001 2369 et
1026 2313 1092 2384 post
1117 2309 1240 2368 eiusdem

92 2393 242 2453 interitum
262 2394 399 2467 perpetuo
421 2391 513 2451 alieno
535 2392 665 2466 paruisse
689 2393 822 2466 imperio;
851 2396 951 2452 contra
972 2411 1015 2464 ea,
1040 2393 1172 2467 quamdiu
1193 2391 1241 2449 ille

91 2475 250 2552 praefuerit
270 2474 450 2549 reipublicae,
475 2479 562 2549 caput
581 2476 670 2535 fnisse
690 2476 780 2536 totius
795 2476 941 2536 Graeciae.
983 2478 1027 2534 le
1045 2493 1099 2549 quo
1114 2473 1241 2547 intellegi

49 2610 52 2617 .
91 2561 197 2635 potest,
219 2575 309 2617 unum
328 2558 470 2616 hominem
489 2558 579 2633 pluris
601 2576 685 2633 quam
707 2559 850 2619 civitatem
870 2559 968 2618 fuisse.

90 2775 213 2850 mendas·
224 2768 302 2823 hatte
318 2769 465 2839 eigentlich
481 2775 506 2823 et
523 2774 639 2847 coquitur
657 2777 724 2824 asset
741 2769 908 2840 angelmiipit
928 2770 1032 2824 werden
1049 2768 1148 2831 sollen3
1171 2770 1241 2821 statt

91 2836 188 2891 descen
204 2838 243 2889 rst
258 2840 379 2890 camasi
394 2852 454 2890 aum
466 2835 575 2905 SubJect
584 2836 722 2905 gemacht3
739 2841 815 2904 qaocl,
835 2835 928 2892 Grund
941 2853 973 2890 an
990 2841 1114 2905 impetam
1123 2838 1239 2902 faceram

90 2903 164 2959 verb.
180 2907 266 2957 anius
282 2906 340 2985 ciac
358 2902 414 2956 und
425 2907 533 2980 patriae
549 2908 674 2968 salutem
691 2909 844 2985 multisque,
862 2903 1007 2957 erklarend

141 2972 166 3023 3.
184 2976 350 3032 cctramsset,
370 2967 444 3037 ConJ.
456 2968 517 3023 rue.
533 2972 616 3024 exact.
621 2989 629 3034 ;
645 2987 805 3025 emersuram
816 2985 851 3023 sc.
864 2987 933 3034 οδω
950 2988 1033 3038 oraque
1044 2986 1072 3023 co
1091 2999 1123 3008 —
1138 2973 1242 3037 quoad.-

89 3052 119 3091 ω
136 3036 218 3103 lange
233 3034 284 3090 bis.

88 3198 151 3293 οἳ.
164 3191 197 3239 X.
223 3189 363 3237 Vertlreldl
385 3203 441 3247 ung
460 3192 547 3238 salnes
565 3193 693 3239 encloscn
706 3192 834 3248 standon
854 3194 905 3239 mit
917 3194 1017 3240 selnem
1032 3194 1103 3239 'l‘oda
1121 3193 1240 3240 rarllcrt

135 3247 223 3293 haben
235 3245 309 3291 estne
322 3246 359 3292 Be
381 3250 493 3303 cutnng.

141 3348 165 3399 1.
182 3349 212 3399 da
245 3362 289 3409 ao,
306 3344 337 3397 in
354 3343 453 3399 diesem
467 3345 587 3409 Punkte3
604 3351 671 3400 mule
689 3364 724 3400 ue
741 3352 843 3408 diceret,
860 3347 984 3401 Wechsel
1000 3348 1046 3402 des
1064 3349 1194 3416 Subjects‚
1211 3365 1239 3402 es

86 3410 156 3480 geht
172 3415 209 3465 nt
248 3411 291 3466 'ch
307 3410 356 3465 aui
371 3410 528 3490 Pelopidam
544 3417 619 3465 code:
635 3363 761 3478 hoiense,
778 3413 806 3466 Z.
825 3415 848 3482 §-
867 3417 929 3478 534;
953 3420 1009 3484 qai,
1027 3415 1054 3469 S.
1074 3416 1097 3484 ᾗ.
1118 3418 1180 3479 629;
1196 3423 1238 3469 ta-

87 3483 138 3533 len
154 3494 190 3532 cor
206 3484 231 3531 te
248 3485 357 3542 aarum
375 3492 453 3530 emen
471 3477 580 3531 solohen
595 3479 677 3533 Sohn.

139 3546 164 3598 2.
182 3546 276 3612 Neque
292 3561 362 3606 cero,
380 3544 414 3599 ci.
431 3545 489 3598 Alc
508 3549 533 3608 5,·
553 3548 564 3597 1
573 3564 580 3609 ;
598 3562 632 3598 erc
648 3563 687 3599 me
698 3553 802 3599 natam:
818 3545 864 3599 ich
874 3547 1035 3601 hinterlasse
1047 3548 1105 3601 eine
1116 3547 1237 3612 Tochter,

85 3610 130 3665 die
148 3609 277 3679 Schlacht
294 3609 338 3663 bei
353 3610 385 3665 Ζ.
403 3641 436 3650 -
453 3618 594 3680 superstes,
613 3611 642 3690 Ζ
654 3612 678 3681 ᾖ.
690 3615 753 3675 411;
772 3617 813 3674 rit,
832 3630 940 3676 neeesse,
959 3613 985 3667 S.
998 3615 1021 3693 ἦ.
1035 3616 1091 3668 695.
1104 3614 1131 3667 Ζ.
1145 3615 1168 3682 ξ.
1181 3618 1237 3667 525.

126 3679 259 3799 ῶὸἀτέηὲ,
279 3677 345 3730 nul.
367 3679 460 3742 mstr.;
483 3682 573 3739 malos,
598 3678 641 3732 dre
663 3695 691 3732 es
713 3679 765 3731 mit
786 3678 846 3732 dem
866 3679 965 3733 Peinde
987 3680 1101 3744 hrelten;
1128 3685 1236 3742 atellano,

87 3760 108 3799 s.
221 3760 235 3796 r
254 3783 260 3796 .

135 3814 161 3865 4.
175 3814 334 3879 promuerit,
352 3811 393 3865 als
407 3809 531 3866 Godanke
549 3809 631 3876 deror,
649 3810 767 3864 welchen
778 3811 869 3880 Nepos
886 3811 927 3866 als
940 3811 1033 3876 Quelle
1049 3811 1132 3880 folgt;
1145 3817 1238 3880 pluris

83 3880 177 3941 misse,
196 3875 224 3930 S.
244 3877 267 3946 ᾖ.
285 3879 343 3932 492.
361 3877 390 3931 Z.
408 3878 431 3946 ᾖ.
448 3881 506 3932 444.
