2684 4478
531 268 533 273 .
556 215 590 273 X.
631 166 737 273 Dion.
1177 217 1217 275 45

64 395 265 469 thaginienses
287 395 329 455 sic
351 400 549 470 suspexerunt,
572 399 606 456 ut
625 397 765 456 neminem
784 415 916 472 nmquam
931 399 1041 458 Graeca
1061 399 1160 472 lingua
1174 400 1218 457 lo·

66 482 200 554 quantem
220 480 312 553 magis
334 480 392 538 sint
414 479 554 539 admirati.
997 480 1000 484 ’

128 565 229 637 Neque
250 579 316 622 vero
338 565 408 622 haec
427 563 595 638 Dionysium
619 564 779 637 fugiebant.
822 566 905 636 Nam,
937 568 1042 637 quanto
1065 568 1141 624 esset
1161 558 1216 623 sibi
1235 561 1255 630 2

67 649 244 718 ornamento,
272 647 421 706 sentiebat.
469 646 529 717 Quo
555 647 654 717 fiebat,
688 651 721 705 ut
746 647 796 706 uni
821 647 886 705 huic
912 647 1031 705 maxime
1056 648 1216 721 indulgeret

64 747 158 802 neque
180 748 244 790 eum
265 747 348 788 secus
370 730 499 803 diligeret
522 748 555 789 ac
576 730 677 802 filium3
701 731 888 805 quiquidem,
912 748 975 789 cum
990 731 1139 789 Platonem
1158 732 1215 789 Ta·
1237 731 1255 787 2

64 818 181 873 rentum
201 813 312 873 venisse
333 813 410 871 fama
430 813 460 871 in
474 812 599 872 Siciliam
613 817 688 873 esset
702 816 821 888 perlata,
845 814 1017 873 adolescenti
1037 831 1143 887 negare
1156 830 1215 872 non

64 897 201 971 potuerit,
223 896 292 971 quin
314 915 378 956 eum
399 900 566 968 accerseret,
589 914 653 955 cum
666 897 742 956 Dion
757 898 817 957 eius
839 897 969 955 audiendi
991 897 1145 971 cupiditate
1160 897 1215 954 fia·

65 984 174 1053 graret.
196 980 281 1041 Dedit
303 997 370 1054 ergo
390 979 457 1041 huic
478 981 591 1055 veniam
611 998 771 1054 magnaque
793 998 857 1039 eum
879 980 1031 1039 ambitione
1054 975 1214 1054 Syracusus

64 1063 206 1138 perduxit.
250 1064 339 1134 Quem
358 1063 434 1122 Dion
454 1064 522 1121 adeo
545 1063 699 1127 admiratus
721 1067 765 1123 est
790 1067 874 1137 atquo
903 1063 1052 1135 adamavit,
1082 1066 1115 1120 ut
1136 1081 1167 1121 se
1187 1061 1253 1122 ei3

64 1151 160 1207 totum
179 1148 314 1207 traderet.
335 1148 435 1220 Neque
456 1163 521 1204 vero
543 1147 637 1206 minus
651 1149 734 1205 Plato
758 1147 914 1206 delectatus
930 1149 974 1205 est
986 1147 1087 1206 Dione.
1110 1148 1211 1219 Itaque

66 1248 171 1292 cuma
190 1234 312 1306 tyranno
334 1231 484 1288 cmdeliter
505 1230 627 1289 violatus
649 1234 731 1302 esset,
756 1231 857 1304 quippe
871 1247 954 1303 quem
974 1229 1139 1289 venumdari
1152 1230 1212 1288 ius·

64 1316 277 1386 sissettamen
298 1313 394 1372 eodem
407 1313 500 1382 rediit,
522 1313 646 1372 eiusdem
659 1313 759 1373 Dionis
774 1314 906 1387 precibus
921 1313 1068 1372 adductus.
1094 1313 1213 1371 Interim
1233 1309 1253 1365 4

63 1397 96 1458 in
117 1400 246 1457 morbum
267 1396 366 1455 incidit
379 1396 543 1470 Dionysius.
565 1396 708 1467 Quocum
729 1397 809 1469 graui
825 1396 1047 1468 conflictaretur,
1072 1395 1212 1470 quaesivit
1299 1439 1302 1444 -

64 1501 83 1542 a
104 1472 220 1540 rir‘edicis
240 1481 325 1551 Dion,
347 1480 577 1553 quemadmodum
597 1473 774 1552 rehaberet,
797 1479 934 1553 simulque
957 1480 993 1537 ab
1015 1480 1050 1538 iis
1071 1479 1163 1553 petiit,
1185 1478 1211 1538 si
1266 1510 1268 1515 ·

63 1566 140 1625 forto
158 1565 189 1623 in
209 1564 316 1623 maiore
337 1566 413 1622 esset
433 1563 568 1636 periculo,
592 1564 625 1621 ut
646 1563 700 1622 sibi
719 1564 892 1622 faterentur:
915 1580 980 1621 nam
1001 1564 1072 1622 velle
1094 1581 1124 1622 se
1147 1579 1211 1621 cum

64 1666 99 1710 eo
120 1648 242 1724 colloqui
263 1648 296 1706 de
317 1647 463 1720 partiendo
485 1663 582 1719 regno,
606 1647 799 1719 quodsororis
821 1664 889 1705 suae
909 1646 983 1705 filios
1006 1665 1038 1711 ex
1060 1647 1108 1703 illo
1124 1650 1207 1704 natos
1300 1664 1311 1719 >1

63 1735 175 1807 partem
195 1731 278 1804 regni
297 1731 419 1803 putabat
439 1729 539 1789 debere
560 1730 672 1788 habere
700 1728 734 1788 Id
754 1729 854 1788 medici
874 1746 932 1788 non
952 1733 1106 1788 tacuerunt
1126 1733 1155 1788 et
1175 1729 1211 1786 ad
1233 1729 1250 1784 5

62 1815 231 1889 Dionysium
251 1814 341 1872 filium
361 1829 517 1872 sermonem
537 1814 705 1871 retulerunt.
729 1813 790 1883 Quo
805 1810 1033 1884 ille'commotus,
1057 1830 1094 1871 ne
1107 1812 1210 1890 agendi

65 1903 144 1959 esset
156 1897 241 1957 Dioni
260 1900 397 1972 potestas,
419 1897 495 1970 patri
515 1912 643 1970 soporem
662 1897 784 1956 medicos
806 1897 877 1958 dare.
894 1897 997 1970 codgit.
1040 1897 1103 1955 Hoc
1125 1913 1210 1968 aeger

64 1984 178 2056 sumpto
201 1981 311 2055 sopitus
332 1980 404 2039 diem
426 1979 497 2038 obiit
517 1997 688 2054 supremum,
753 2044 755 2048 y

129 2066 198 2124 Tale
212 2064 325 2123 initium
339 2063 395 2122 fuit
407 2063 508 2122 Dionis
523 2066 551 2121 et
564 2062 695 2137 Dionysii
715 2061 877 2133 simultatis,
901 2080 989 2135 eaque
1006 2062 1104 2121 multis
1124 2063 1209 2120 rebus
1229 2056 1250 2124 3

63 2152 151 2208 aucta
166 2151 218 2207 est.
241 2147 295 2206 Sed
308 2149 404 2205 tamen
424 2146 522 2220 primis
541 2146 715 2220 temporibus
737 2143 908 2220 aliquamdiu
926 2146 1059 2204 simulata
1073 2145 1147 2203 inter
1162 2161 1209 2203 eos

62 2231 189 2291 amicitia
209 2231 324 2289 mansit.
367 2231 436 2288 Ounr
454 2230 529 2289 Dion
550 2246 608 2288 non
629 2229 778 2289 desisteret
803 2230 951 2288 obsecrare
971 2228 1147 2303 Dionysium,
1177 2229 1210 2287 ut

61 2316 213 2374 Platonem
226 2312 347 2373 Athenis
369 2316 525 2372 arcesseret
547 2314 575 2372 et
590 2312 650 2370 eins
670 2312 795 2372 consiliis
813 2315 950 2382 uteretur,
973 2313 1028 2383 ille,
1048 2311 1097 2386 qui
1110 2312 1140 2369 in
1155 2300 1207 2368 ali·

61 2416 120 2472 qua
140 2416 172 2457 re
192 2398 277 2456 vellet
298 2400 407 2471 patrem
433 2396 547 2467 imitari,
574 2412 679 2455 morem
705 2395 731 2455 ei
757 2396 856 2469 gessit.
896 2395 1057 2468 Eodemque
1082 2397 1209 2468 tempore
1232 2391 1250 2448 2

60 2481 214 2541 Philistum
235 2481 401 2539 historicum
419 2481 575 2553 Syracusas
594 2479 714 2551 reduxit,
737 2479 877 2540 hominem
898 2479 1018 2536 amicum
1039 2495 1097 2536 non
1117 2478 1209 2550 magis
1298 2528 1301 2533 .

61 2675 124 2729 (lap.
138 2658 174 2720 11'.
196 2674 253 2718 Aur
271 2672 353 2717 Diona
373 2672 579 2727 Veranlassung
601 2672 672 2716 wird
689 2670 769 2717 Plato
788 2672 856 2716 nach
874 2670 991 2725 syracus
1011 2670 1133 2715 heruteu.
1156 2653 1212 2715 389'

84 2740 114 2780 v.
127 2729 188 2775 chr.
203 2728 258 2773 'l'od
272 2729 319 2773 des
333 2729 441 2774 litteren
456 2728 610 2783 Dionysius.
637 2784 640 2789 ¹

41 2830 43 2834 ·
114 2817 135 2865 l.
154 2811 246 2878 Neque
262 2826 329 2871 cero,
349 2809 381 2862 cf.
393 2810 451 2862 Alc.
465 2815 488 2874 5,
509 2814 535 2874 13
553 2816 604 2864 uni
613 2806 734 2872 proxime,
753 2810 823 2879 Mitt.
843 2813 866 2874 1,
887 2812 914 2873 l;
934 2827 1009 2862 secas
1021 2825 1059 2869 cc,
1077 2807 1106 2860 Z.
1124 2809 1147 2876 ᾖ.
1160 2809 1209 2859 340
1319 2880 1322 2885 Ι

39 2878 345 3026 'undbAuldchzl'potaerob
373 2949 445 3011 qaia,
471 2942 498 2995 S.
516 2944 540 3011 ᾖ.
558 2945 614 2997 599.
633 2943 662 2997 Ζ.
679 2944 701 3010 ἓ.
721 2944 783 3006 538;
808 2950 954 3006 accerseret,
973 2941 1027 2995 alte
1044 2941 1124 2995 Form
1141 2944 1209 2994 statt

48 3016 242 3146 :araga-amm
253 3095 330 3144 qaam
342 3108 375 3115 —
387 3081 522 3130 iussisset:
535 3075 568 3129 da
580 3092 608 3129 er
616 3075 733 3129 ntimlich
745 3075 911 3144 (Dionysius)
924 3074 975 3128 den
986 3074 1080 3128 Befehl
1092 3075 1209 3141 gegeben

59 3147 145 3209 hetta,
162 3144 211 3212 ilm
227 3144 336 3213 (Plato),
355 3142 388 3196 cf.
406 3143 433 3196 S.
452 3144 474 3210 ξ.
492 3146 549 3195 630.
567 3142 595 3194 Z.
613 3144 635 3210 ξ.
654 3146 715 3205 565;
737 3145 863 3211 precibus
880 3147 1026 3196 adductas:
1046 3141 1094 3195 anf
1108 3142 1208 3195 Bitten.

111 3217 135 3265 4.
151 3215 236 3279 yrcao',
254 3210 310 3263 und
327 3227 396 3262 atvar
407 3225 459 3262 von
473 3210 545 3262 einer
562 3209 708 3274 sohweron3
726 3214 797 3278 qaod
831 3211 931 3270 mabar,
954 3208 1152 3275 Einschaltung
1163 3208 1208 3261 des

59 3277 277 3340 Schriftstcllers,
301 3277 383 3330 daher
408 3277 453 3329 der
473 3275 619 3340 Indicativ;
644 3283 719 3329 natos
744 3293 785 3338 ece,
807 3227 837 3329 Ξ.
861 3277 884 3343 ᾗ.
908 3279 972 3338 451;
995 3277 1082 3328 debere
1103 3277 1209 3328 lohere:

59 3344 139 3400 nicht
158 3343 395 3411 ungewbhnlicher
412 3342 589 3410 Gleichklang
608 3359 651 3395 am
669 3342 794 3395 Sohlusse
812 3342 858 3395 dos
876 3342 977 3395 Satzes.

110 3415 133 3465 5.
152 3414 193 3472 Iol,
215 3410 333 3463 niimlich
356 3408 403 3463 das
419 3409 570 3476 Verlangen
595 3409 639 3462 des
656 3408 739 3472 Dion;
761 3414 854 3477 ayrardi
869 3416 994 3478 potestas,
1017 3407 1135 3460 ndmlich
1157 3407 1208 3459 mit

59 3478 122 3535 dem,
136 3477 227 3541 Vater,
246 3476 273 3529 S.
291 3477 314 3544 ξ.
334 3480 389 3529 765.
408 3475 436 3528 Z.
454 3477 477 3545 ξ.
496 3480 553 3528 659.

42 3628 121 3682 ''cap.
134 3625 183 3673 111.
197 3625 432 3671 dissuerhtrtniss
446 3625 582 3670 zwisalten
595 3625 664 3669 lllon
677 3625 732 3669 und
743 3623 888 3680 Dlonyslns
901 3625 950 3677 11.;
962 3623 1060 3678 jedeon
1074 3621 1145 3666 ldsst
1157 3621 1207 3665 der
1318 3650 1321 3657 .

83 3683 202 3727 letztene
215 3682 266 3725 den
279 3679 359 3725 Plato
373 3683 440 3725 naclr
454 3681 571 3735 syracus
586 3681 814 3727 znrdckbcrnren.

109 3785 131 3835 1.
147 3786 178 3848 ,in
194 3786 233 3835 olr'
251 3798 286 3863 aa
304 3797 348 3833 re:
369 3780 531 3847 wenigstens
548 3781 578 3832 in
595 3781 667 3834 einer
684 3780 851 3847 Beziehung:
874 3785 925 3848 qai
944 3783 1027 3840 vellet,
1052 3777 1078 3830 S.
1097 3779 1120 3846 g.
1144 3779 1206 3841 6293

56 3847 381 3981 morbofn'Eosdemqorffiche
398 3913 524 3966 bodeutet
541 3913 583 3966 die
599 3913 772 3981 Aufzdhlung
789 3915 920 3966 mehrerer
936 3910 992 3963 und
1008 3910 1208 3965 versohiedener
1254 3871 1257 3875 ἢ

57 3980 256 4050 Gegenstdnde:
278 3979 378 4044 fernen
401 3989 511 4048 tyranno
528 3998 608 4047 quam
624 3986 752 4047 tyrannis,
771 3981 827 4033 ihm
845 3978 996 4048 pers'dnlich
1013 3980 1068 4030 und
1086 3977 1136 4030 den
1154 3978 1206 4045 Ty·

56 4057 165 4114 rannen,
183 4047 208 4101 d.
226 4049 243 4100 ‘u
262 4047 307 4099 der
324 4046 457 4114 Tyrannoi
475 4047 632 4115 uberhaupt.
