2684 4478
84 266 89 279 ι
105 233 146 291 24
576 236 613 294 V.
656 233 786 293 almon.

104 417 233 490 putabat,
255 416 494 487 Lacedaemonem
508 420 706 489 reverteretur,
729 417 761 476 in
774 416 885 489 itinere,
909 416 1044 474 cumiani
1061 415 1093 474 in
1114 431 1146 474 eo
1169 415 1253 485 essct,

18 522 47 549 w
104 502 138 557 ut
159 500 449 574 comprehenderetur,
480 519 514 559 ex
534 502 615 559 vultu
642 501 789 560 cuiusdam
814 501 920 574 ephori,
952 498 1001 572 qui
1027 517 1089 558 eum
1107 498 1256 575 adrpppepi

64 583 83 640 2
105 583 246 656 cupiebat,
261 582 379 642 insidias
394 583 449 642 sibi
462 584 525 643 fieri
539 584 687 643 intellexit.
704 585 804 658 Itaque
815 583 917 658 paucis
928 586 994 641 ante
1009 583 1153 656 gradibus,
1169 598 1255 653 quarn

105 667 154 739 qui
175 684 239 725 eum
260 667 459 740 sequebantur,
487 667 518 726 in
538 667 635 726 aedem
655 668 808 738 Minervae,
837 685 909 741 quae
930 665 1104 724 Chalcioicos
1124 667 1253 733 vocatur,

48 800 51 805 ⁴
106 749 244 823 confugit.
266 750 342 808 Hinc
362 767 399 809 ne
414 750 489 809 exire
503 752 608 825 posset,
632 750 731 809 statim
746 751 843 824 ephori
855 752 953 810 valvas
968 749 1029 807 eins
1044 749 1120 807 aedis
1135 749 1250 806 obstru-

65 831 84 889 3
105 837 209 914 nerunt
221 836 386 906 tectumque
402 839 471 892 sunt
484 833 617 904 demoliti,
634 850 689 907 qno
704 834 824 893 celerius
839 833 969 893 subdivo
985 832 1124 890 interiret.
1140 830 1255 888 Dicitur

107 932 139 974 eo
161 919 286 990 tempore
308 916 427 974 matrem
439 917 602 975 Pausaniae
615 917 728 988 vixisse,
752 933 868 991 eamque
882 917 938 975 iam
953 910 1056 988 magno
1071 918 1150 984 natu,
1174 916 1254 986 post·

106 1017 191 1072 quam
204 1000 238 1058 de
255 1001 360 1058 scelere
375 998 428 1058 filii
449 1000 593 1073 comperit,
615 1000 759 1074 inprimis
778 1001 814 1058 ad
831 999 922 1058 filium
936 998 1121 1057 claudendum
1134 996 1255 1069 lapidem

65 1082 86 1138 4
108 1082 144 1140 ad
158 1082 307 1140 introitum
323 1082 400 1141 aedis
416 1083 555 1142 attulisse.
581 1083 627 1141 Sic
640 1083 802 1142 Pausanias
816 1100 949 1156 magnam
963 1082 1030 1140 belli
1043 1081 1162 1154 gloriam
1176 1078 1255 1152 turpi

106 1168 197 1233 morte
211 1165 374 1223 maculavit.
394 1166 451 1224 Hic
466 1183 531 1224 cum
545 1166 716 1225 semianimis
730 1167 764 1225 de
778 1167 883 1239 templo
899 1167 990 1225 elatus
1005 1167 1089 1235 esset,
1106 1162 1255 1223 confestim

67 1247 84 1304 5
107 1249 230 1306 animam
250 1248 367 1307 efflavit.
390 1248 477 1308 Cuius
490 1249 596 1307 mortui
610 1266 712 1324 corpus
729 1267 792 1308 cum
807 1249 902 1308 eodem
918 1247 1048 1307 nonnulli
1063 1247 1189 1305 dicerent
1210 1245 1254 1302 in-

106 1332 175 1391 ferri
197 1334 334 1406 oportere,
355 1349 410 1405 quo
432 1331 461 1403 ii,
483 1333 531 1406 qui
553 1331 588 1392 ad
603 1330 773 1408 supplicium
792 1335 887 1392 essent
908 1331 976 1401 dati,
1000 1329 1144 1404 displicuit
1165 1328 1254 1402 pluri-

107 1416 170 1485 bus,
194 1418 223 1473 et
242 1432 330 1488 prope
351 1416 387 1473 ab
409 1431 442 1475 eo
464 1416 526 1473 loco
548 1415 718 1486 infoderunt,
742 1432 796 1490 quo
820 1419 881 1474 erat
900 1418 1038 1472 mortuus.
1072 1413 1141 1471 Inde
1157 1414 1254 1484 poste-

108 1498 168 1556 rius
191 1497 235 1556 dei
248 1497 378 1572 Delphici
393 1515 528 1571 responso
551 1502 650 1558 erutus
671 1501 756 1573 atque
778 1500 874 1558 eodem
894 1498 957 1556 loco
979 1497 1107 1571 sepultus
1130 1498 1182 1564 est,
1205 1492 1256 1552 nbi

108 1581 196 1638 vitam
216 1584 360 1655 posuerat.

559 1759 604 1829 V.
649 1759 805 1832 CIMON.

68 1907 88 1979 1
149 1911 256 1981 Onnes,
278 1911 414 1971 Miltiadis
439 1911 524 1983 filius,
548 1912 731 1972 Atheniensis
752 1914 821 1972 duro
847 1912 995 1970 admodum
1016 1910 1096 1968 initio
1117 1925 1188 1968 usus
1210 1909 1255 1964 est

110 1994 324 2055 adolescentiae.
356 1996 431 2053 Nam
453 1998 618 2070 cumpater
639 1996 700 2055 eius
721 1997 799 2056 litem
821 1996 998 2055 aestimatam
1018 1994 1121 2068 populo
1144 1993 1253 2050 solvere

108 2094 166 2135 non
187 2077 328 2151 potuisset
349 2079 386 2136 'ob
401 2096 516 2153 eamque
531 2096 648 2138 causam
662 2080 693 2138 in
706 2079 807 2139 vinclis
822 2078 942 2153 publicis
957 2077 1132 2145 decessisset,
1157 2073 1254 2132 Cimon

111 2160 206 2219 eadem
228 2162 528 2241 custodiatenebatur
550 2180 642 2235 neque
656 2163 769 2235 legibus
782 2161 1003 2221 Atheniensibus
1020 2159 1110 2219 emitti
1131 2159 1252 2232 poterat,

69 2243 89 2303 2
110 2243 167 2302 nisi
188 2240 345 2317 pecuniam,
368 2263 424 2319 qua
437 2249 518 2320 pater
532 2247 669 2305 multatus
684 2249 754 2317 erat,
777 2245 917 2304 solvisset.
959 2244 1092 2302 Habebat
1113 2244 1207 2299 autem
1223 2240 1254 2296 in

111 2327 289 2387 matrimonio
317 2345 443 2388 sororem
463 2346 627 2402 germanam
647 2347 737 2399 suam,
763 2328 875 2387 nomine
895 2326 1052 2402 Elpinicen,
1084 2342 1142 2384 non
1162 2321 1254 2395 magis

110 2426 204 2469 amore
226 2428 311 2485 quam
331 2428 408 2470 more
431 2413 543 2471 ductus.
564 2413 694 2486 Namque
715 2411 936 2470 Atheniensibus
957 2410 1033 2480 licet,
1057 2409 1152 2468 eodem
1173 2409 1254 2479 patre

111 2568 182 2622 Milt.
199 2575 223 2635 7,
238 2575 269 2633 33
286 2577 336 2638 qui
346 2589 406 2626 eant
417 2576 547 2625 admoneri
556 2575 693 2640 capiebat:
709 2573 755 2626 der
765 2572 814 2624 ihu
825 2573 946 2639 gewarnt
957 2587 990 2622 au
1001 2570 1097 2623 visson
1109 2565 1256 2619 wdnschte.

111 2652 180 2703 ganz
198 2639 348 2705 allgemein,
365 2637 398 2690 cf.
417 2638 444 2690 Z.
461 2640 484 2706 ξ.
503 2641 560 2691 611.

162 2706 186 2756 2.
200 2709 295 2772 paucis
312 2711 371 2757 unte
385 2707 527 2772 preditus:
543 2720 589 2758 um
600 2705 689 2772 einige
701 2704 820 2758 Schritte
836 2704 936 2766 Adher,
973 2743 980 2755 .
997 2703 1021 2770 §-
1085 2740 1092 2764 ‚

131 2787 180 2823 aaa
196 2770 244 2823 auf
253 2770 373 2823 Μίιιθῐνα
384 2787 418 2823 au
428 2771 560 2834 berichem,
572 2771 671 2824 welche
683 2773 845 2833 Otmlctcicoc,
858 2769 1004 2823 namma
1057 2768 1063 2779 '
1108 2767 1114 2777 '

141 2853 187 2911 ..¹¹³
202 2836 387 2903 beuohnende,
403 2837 489 2902 hioss;
506 2841 634 2906 confugit:
650 2837 705 2890 floh
720 2838 776 2890 und
791 2837 869 2904 golan
922 2853 999 2905 ;qmo
1144 2872 1150 2885 .
1222 2896 1227 2908 ¹

105 2906 130 2915 ”“
163 2906 187 2955 3.
203 2907 353 2957 Dabitur-
364 2910 472 2957 matrem
488 2910 593 2967 cimbra,
614 2905 672 2957 eine
689 2904 798 2967 seltene,
816 2903 875 2957 dem
894 2901 1083 2957 Griechischen
1099 2897 1253 2966 nachgebrl-

113 2968 173 3022 dete
185 2968 386 3032 Constructiom
405 2969 447 3022 die
463 2971 627 3040 perebnliohe
640 2969 830 3024 construction
841 2971 880 3023 ist
891 2969 934 3022 die
944 2967 1145 3036 regelmbssigm
1164 2981 1253 3032 magno

112 3043 187 3099 mata,
206 3040 281 3089 sonat
296 3036 464 3103 gewbhnlich
477 3042 596 3105 praedis,
621 3042 708 3101 uanior,
726 3043 859 3091 mamimus
875 3043 957 3100 muta,-
970 3042 1112 3104 postquam
1129 3035 1257 3099 comperit,

113 3102 238 3156 Godanlre
249 3103 294 3155 des
307 3103 522 3168 Schriftstellers,
534 3104 615 3157 daher
627 3104 672 3156 der
683 3103 829 3165 Indicativ;
847 3108 875 3156 im
882 3107 978 3171 primic
987 3125 996 3155 .·
1006 3104 1085 3154 unter
1097 3099 1148 3152 den
1160 3100 1256 3151 ersten.

163 3175 186 3222 5.
205 3172 288 3223 Gaias
305 3174 402 3223 mortam¹
411 3200 445 3208 —
456 3175 577 3224 nonnata
587 3175 697 3224 dicerem
708 3202 742 3210 -
753 3178 874 3239 oportere,
893 3169 932 3221 als
951 3170 1047 3235 einige,
1064 3164 1192 3220 nachdem
1210 3163 1257 3216 der

112 3235 170 3289 Tod
184 3235 283 3303 erfolgt
298 3240 359 3298 viar,
378 3240 480 3304 septen,
506 3237 564 3291 sein
580 3236 621 3290 Kc
655 3253 683 3289 er
700 3242 801 3299 mdsse;
826 3241 910 3290 eodem
927 3235 996 3288 verb.
1014 3235 1066 3287 mit
1082 3250 1147 3300 qam·
1169 3248 1220 3298 qao
1239 3234 1259 3282 iz

113 3319 163 3422 agn
166 3306 337 3381 cassarentur,
356 3302 667 3423 ptttarrbva'o3rt212hrzah3
688 3308 835 3371 infoderunt
857 3301 1033 3356 vertchtlich:
1056 3300 1095 3353 sie
1117 3298 1257 3351 scharrten

95 3385 123 3435 ¹1
178 3386 384 3438 amputatura,
404 3386 424 3422 s.
478 3387 493 3423 o
536 3387 574 3422 r.

609 3504 641 3554 V.
659 3501 760 3555 Cruor.

114 3600 174 3655 cap.
188 3600 210 3645 1.
228 3600 325 3655 cimon,
334 3611 375 3645 we
397 3610 428 3645 en
438 3602 487 3645 der
496 3602 596 3646 seluern
604 3600 690 3645 Vater-
699 3601 886 3645 auerlranutcn
896 3600 1051 3646 Geldstrate
1061 3597 1089 3642 ln
1099 3597 1173 3650 Hert,
1187 3596 1260 3639 wlrd

139 3658 226 3702 durch
238 3659 311 3702 scine
324 3656 362 3702 Ga
390 3654 416 3700 ln
431 3656 539 3700 borrelt.

167 3747 188 3793 1.
205 3745 271 3794 duro
288 3744 359 3793 imc'tio
376 3756 445 3793 motas
462 3747 508 3799 cot,
531 3738 564 3792 cf.
582 3736 653 3790 Milt.
677 3738 702 3801 8,
720 3742 751 3802 33
769 3743 840 3792 litem
857 3742 1026 3799 aestimatam,
1050 3736 1083 3791 cf.
1101 3737 1172 3790 Milt.
1190 3740 1213 3798 t,
1232 3740 1260 3797 6;

114 3810 212 3875 lepidae
224 3808 442 3860 Atheniensibus:
459 3806 627 3859 Atheniensis
645 3808 724 3858 sonst
738 3821 791 3858 von
808 3804 911 3858 Sachen
928 3803 968 3857 als
979 3804 1103 3871 Arijectiv
1121 3805 1197 3856 nicht
1213 3818 1260 3868 ge-

113 3873 281 3936 brauchlich3
297 3878 422 3934 solomcet,
441 3871 515 3938 Cenj.
533 3871 595 3925 Fut.
613 3873 697 3924 exact.

164 3945 187 3994 2.
205 3957 256 3993 mom
282 3945 364 4007 mepte
387 3956 495 3992 amore
517 3955 597 4006 quam
614 3955 701 3991 more
723 3943 837 3992 dactus:
865 3936 1021 3991 Glcichlrlau
1047 3957 1053 4000 ;
1076 3937 1121 3989 der
1141 3940 1262 4004 grbssere

113 4006 274 4060 Nachdruclr
293 4006 362 4073 liegt
374 4005 423 4059 auf
440 4005 498 4059 dem
511 4006 621 4058 zweiten
633 4003 940 4072 Vergleichungegliede,
958 4021 979 4057 s.
999 3953 1071 4057 higilt.
1088 4005 1111 4066 2,
1129 4006 1157 4066 23
1178 4007 1262 4054 eodem

109 4081 188 4143 patre
204 4079 298 4126 natac:
314 4073 482 4127 Sohwestern
498 4087 550 4125 von
567 4070 720 4125 demselben
740 4071 835 4133 Vater3
853 4076 947 4125 decere
964 4086 1000 4123 sc.
1017 4076 1044 4122 im
1060 4074 1261 4123 matrimonium.
