2684 4478
132 212 175 272 oo
370 294 373 298 Ι
553 214 627 272 mv.
650 213 850 273 inuramus.

132 393 262 453 nuntium
273 394 309 452 ad
319 393 472 452 exercitum
481 394 560 452 Acen
574 393 659 466 misit,
675 394 749 468 quod
762 392 885 451 nondum
895 391 1034 451 Datamen
1045 392 1205 466 profectum
1216 409 1272 476 pu-

132 478 222 547 tabat,
237 475 288 551 qui·
299 476 412 545 diceret,
427 494 463 535 ue
474 477 511 533 ab
526 476 650 536 exercitu
665 476 828 539 discederet.
850 474 906 533 Hie
922 475 1086 548 prinsquam
1101 474 1271 549 perveniret,

89 563 187 632 aquo
213 563 274 618 erat
296 559 449 634 proiectus,
475 558 507 616 in
527 558 628 618 itinere
653 558 792 628 convenit,
820 557 870 640 qui
891 557 991 632 Aspim
1016 557 1166 617 ducebant.
1208 557 1273 629 Qua

134 642 277 702 celeritate
292 659 356 700 cum
369 659 502 714 magnam
515 640 737 700 benevolentiam
751 640 827 714 regis
841 641 975 699 Datames
996 643 1165 700 consecutus
1186 644 1270 714 esset,
1291 695 1294 699 .

132 741 190 784 non
202 725 337 785 minorem
351 724 484 783 mvidiam
498 724 654 783 aulicorum
667 724 784 798 excepit,
801 723 874 798 quod
890 723 969 781 illum
981 718 1069 782 unum
1083 723 1173 797 pluris
1187 741 1273 798 quam

134 825 164 867 se
187 825 282 868 omnes
296 806 359 867 fieri
378 806 520 865 ridebant.
557 807 617 876 Quo
632 807 707 873 iacto
724 806 821 865 cuncti
841 805 878 863 ad
898 823 962 865 eum
976 805 1187 880 opprimendum
1202 822 1271 867 con-

92 894 110 950 3
133 894 292 950 senserunt.
326 892 407 949 Haec
420 890 591 959 Pandantes,
608 906 693 962 gazae
708 891 803 948 custos
817 887 922 961 regiae,
938 887 1046 948 amicus
1060 889 1183 961 Datami,
1205 907 1272 965 per-

132 974 239 1049 scripta
261 974 288 1032 ei
307 972 403 1042 mittit,
425 971 456 1029 in
477 971 578 1045 quibus
596 972 686 1043 docet,
709 989 772 1031 eum
792 988 894 1044 magno
915 971 976 1031 fore
990 971 1125 1046 periculo,
1147 972 1270 1046 siquid,

90 1060 110 1118 4
132 1056 180 1115 illo
200 1057 364 1131 imperante,
387 1054 498 1114 adversi
516 1054 548 1113 in
560 1055 690 1128 Aegypto
705 1054 864 1114 accidisset.
899 1054 1028 1128 Namque
1043 1072 1106 1113 eam
1127 1073 1189 1114 esse
1203 1072 1272 1114 con-

96 1187 100 1194 .
131 1139 307 1199 suetudinem
332 1137 447 1211 regiam,
477 1140 511 1196 ut
538 1154 621 1196 casus
643 1137 774 1197 adversos
794 1136 953 1196 hominibus
972 1138 1108 1210 tribuant,
1131 1138 1272 1198 secundos

130 1222 263 1281 fortunae
284 1238 369 1291 ruae;
390 1236 445 1293 quo
466 1219 537 1291 fieri,
563 1223 596 1278 ut
616 1219 699 1279 facile
719 1219 900 1297 impellantur
927 1220 963 1278 ad
988 1238 1084 1279 eorum
1107 1219 1270 1296 perniciem,

131 1320 250 1378 qnorum
269 1304 357 1362 ductu
376 1321 423 1362 res
443 1303 515 1361 male
530 1305 627 1376 gestae
647 1303 822 1362 nuntientur.
857 1305 941 1362 Illum
961 1304 1014 1362 boo
1033 1303 1145 1363 maiore
1159 1304 1220 1363 fore
1241 1303 1273 1362 in

132 1387 300 1458 discrimine,
322 1387 404 1460 quod,
428 1386 528 1459 quibus
547 1403 597 1445 rer
621 1385 740 1445 maxime
766 1385 902 1457 oboediat,
930 1402 978 1445 eos
1005 1388 1109 1446 habeat
1133 1385 1271 1446 inimicis·

85 1474 108 1530 .5
131 1471 225 1529 simos.
270 1469 385 1529 Talibus
418 1469 465 1528 ille
497 1469 599 1527 littorb
625 1468 756 1542 cognitis,
788 1486 852 1529 curu
878 1469 934 1527 iam
960 1469 996 1527 ad
1017 1469 1170 1529 exercitum
1190 1470 1272 1529 Acen

130 1553 262 1625 venisset,
273 1554 347 1627 quod
356 1569 414 1612 non
424 1552 583 1624 ignorabat,
596 1569 630 1610 ea
640 1568 705 1611 vere
716 1552 832 1626 scripta,
840 1552 994 1612 desciscere
1005 1570 1022 1610 a
1032 1569 1099 1626 rege
1111 1552 1271 1611 constitnit.

83 1638 109 1694 ed
130 1637 228 1709 Neque
242 1639 337 1695 tamen
351 1635 500 1709 quicquam
514 1633 590 1705 fecit,
602 1634 676 1708 quod
689 1634 744 1694 fide
758 1652 811 1694 sua
825 1638 900 1694 esset
914 1634 1069 1708 indignum.
1101 1637 1177 1695 Nam
1186 1636 1272 1694 Man·
1302 1698 1305 1705 ,

132 1720 246 1778 droclen
264 1720 425 1791 Magnetem
443 1716 580 1776 exercitui
600 1717 749 1790 praefecit3
771 1717 831 1792 ipse
854 1735 918 1776 oum
933 1719 992 1777 suis
1014 1718 1045 1777 in
1066 1718 1272 1792 Cappadociam
1312 1776 1316 1788 ,

132 1801 250 1861 discedit
270 1801 503 1873 coniunctamque
524 1799 590 1858 huic
610 1799 833 1874 Paphlagoniam
854 1803 983 1874 occupat,
1011 1802 1115 1871 celans,
1138 1818 1195 1875 qua
1220 1817 1270 1860 vo·

130 1887 240 1945 luntate
255 1887 330 1943 esset
342 1883 374 1942 in
386 1899 491 1956 regem.
524 1883 601 1940 (llam
615 1900 679 1941 cum
691 1882 882 1942 Ariobarzane
896 1883 967 1942 facit
981 1884 1141 1956 amicitiam,
1155 1901 1272 1943 manum
1294 1920 1297 1929 ·

132 1969 285 2041 comparat,
307 1968 393 2025 urbes
413 1965 537 2024 munitas
558 1964 618 2025 suis
638 1966 758 2025 tuendas
778 1966 875 2024 tradit.
1223 1980 1226 1984 ·

85 2050 115 2116 dt
189 2051 247 2122 ,Sed
273 2052 343 2108 haec
368 2052 484 2124 propter
506 2048 624 2108 hiemale
649 2051 760 2122 tempus
790 2048 883 2108 minus
909 2066 1043 2123 prospere
1070 2049 1269 2124 procedebant

64 2177 66 2181 .
130 2133 226 2205 Audit,
240 2133 353 2192 Pisidas
369 2132 503 2206 quasdam
517 2132 613 2207 copias
627 2132 761 2190 adversus
776 2149 806 2191 se
820 2148 930 2205 parare.
955 2132 1059 2191 Filium
1073 2148 1105 2192 eo
1119 2132 1271 2192 Arsideum
1303 2182 1306 2187 .

132 2235 196 2276 cum
209 2216 335 2276 exercitu
349 2215 448 2274 mittit:
472 2214 547 2274 cadit
560 2215 591 2272 in
604 2213 895 2289 proelioadolesoens.
931 2214 1126 2274 Proficiscitur
1140 2230 1172 2274 eo
1187 2217 1271 2289 pater

130 2300 250 2359 nonita
272 2317 336 2357 cum
356 2315 460 2372 magna
481 2315 575 2369 manu,
599 2298 702 2369 celans,
729 2300 865 2371 quantum
884 2299 987 2357 vulnus
1009 2298 1173 2374 accepisset,
1196 2297 1271 2372 quod

130 2383 208 2458 prius
231 2383 266 2441 ad
278 2384 389 2442 hostem
409 2380 555 2456 pervenire
576 2381 717 2455 cupiebat,
738 2397 823 2454 quam
843 2381 877 2439 de
897 2383 969 2440 male
990 2384 1118 2455 regesta
1137 2381 1214 2439 fama
1235 2381 1271 2440 ad

131 2483 197 2526 suos
217 2465 384 2541 perveniret,
406 2483 450 2536 ne,
474 2464 590 2538 cognita
609 2463 661 2521 filii
680 2465 779 2535 morte,
802 2462 888 2522 animi
906 2464 1118 2523 debilitarentur
1138 2463 1287 2523 militum'

83 2553 108 2610 2
132 2550 192 2621 Quo
208 2549 399 2619 contenderat,
422 2547 557 2622 pervenit,
579 2546 670 2620 iisque
683 2545 754 2605 locis
776 2549 870 2605 castra
884 2546 972 2620 ponit,
994 2550 1028 2606 ut
1043 2564 1133 2621 neque
1148 2547 1270 2607 circum·

130 2710 185 2763 und
203 2714 267 2773 5073
285 2715 411 2787 equanto
421 2737 456 2746 -
467 2712 502 2760 cd
512 2705 690 2784 paceadiese
705 2705 883 2824 Dinordnunffi
896 2706 969 2758 einer
979 2705 1065 2774 Frage
1080 2707 1110 2760 in
1121 2706 1164 2760 die
1175 2706 1271 2760 andere

130 2776 276 2830 verbinden
291 2791 341 2827 wrr
357 2775 394 2826 im
405 2774 559 2827 Deutsehen
576 2775 639 2825 nnt:
656 2771 723 2835 und;
741 2776 850 2826 diceret:
885 2772 963 2835 efahl,
977 2772 1071 2827 daher:
1087 2790 1132 2837 νιος
1149 2791 1202 2841 quo
1214 2780 1271 2827 erat

120 2847 270 2911 ¹prp‘cctcc,
289 2857 323 2894 an
339 2839 387 2893 des
404 2840 461 2893 Ziel
477 2839 564 2893 seiner
578 2839 668 2902 Reise;
685 2844 799 2892 cccccmt
817 2852 853 2892 ao.
870 2857 926 2892 ecs.-
941 2839 998 2892 traf
1013 2839 1063 2892 die.
1081 2860 1086 2871 ·
1157 2908 1159 2912 Δ

181 2911 205 2962 2.
221 2912 336 2976 accepit:
351 2907 428 2958 hatte
439 2922 472 2959 zu
482 2905 615 2969 bestehen,
632 2920 693 2958 vom
704 2903 865 2958 feindlichen
875 2906 984 2972 Angriff
993 2904 1202 2983 hergeuommen,
1220 2904 1272 2959 den

131 2974 204 3029 einer
214 2973 367 3035 aufnimmt3
383 2975 545 3040 plariofierc',
559 2971 585 3025 S.
598 2972 621 3039 ξ.
633 2973 690 3024 492.
702 2970 731 3024 Ζ.
743 2972 766 3039 ξ.
778 2974 840 3035 444;
858 2975 987 3043 puofacto
999 2996 1032 3016 =
1041 2988 1071 3024 m
1083 2970 1271 3039 Polgedavon.

181 3044 204 3093 3.
222 3044 336 3103 Datami,
359 3037 476 3103 donidio,
499 3036 532 3092 of.
556 3037 645 3091 Them.
671 3041 694 3100 1,
718 3040 745 3101 1;
761 3042 929 3106 perempta:
948 3036 1166 3105 aufgcachrieben
1186 3061 1220 3082 =--
1242 3037 1273 3091 in

125 3107 216 3161 einem
237 3105 347 3160 Bericht
363 3130 398 3151 =
416 3105 493 3158 einen
508 3103 618 3157 Bericht
637 3103 760 3167 dariiber‚
777 3120 866 3180 mmo
879 3109 1006 3172 pecco,
1023 3104 1084 3158 Abl.
1101 3104 1186 3174 qual.;
1205 3108 1275 3172 puell

132 3179 241 3235 adversi,
260 3173 288 3226 S.
305 3173 328 3240 ᾗ.
345 3174 403 3225 481.
420 3171 448 3224 Ζ.
466 3172 489 3239 5.
507 3173 569 3233 4323
591 3175 733 3232 accidisset,
756 3168 909 3238 (loinut.
925 3174 1006 3224 exact.
1045 3190 1049 3201 ¹

181 3244 205 3293 4.
240 3257 272 3293 ao
282 3243 359 3308 fieri:
376 3255 428 3306 qao
444 3261 479 3282 ε
494 3244 518 3291 et
539 3254 573 3301 co,
640 3237 663 3304 ᾗ.
685 3238 747 3298 Ί19;
767 3244 854 3304 pastae
874 3251 910 3289 sc.
933 3254 1000 3300 assa
1022 3241 1185 3297 caedimur,
1212 3251 1271 3305 per·

127 3258 238 3370 ‚sertui
253 3305 413 3368 construirt;
429 3310 482 3368 boc,
500 3303 586 3366 desto;
633 3307 722 3365 ordiar,
741 3318 762 3355 s.
781 3302 911 3356 W'drterb.
1028 3367 1030 3373 ³

181 3377 204 3427 5.
221 3377 293 3441 qaod
308 3389 357 3425 con
375 3373 524 3447 prosudat:
539 3369 600 3422 weil
616 3385 645 3422 er
659 3371 710 3437 gut
725 3384 815 3436 genug
830 3372 937 3432 museto,
956 3366 1049 3424 Grund
1065 3367 1109 3421 fiir
1126 3372 1273 3432 concreata,-

125 3439 486 3560 restauratas
499 3444 588 3571 {atel
603 3436 750 3570 thebis

124 3638 191 3694 dap.
204 3636 250 3684 VI.
269 3638 394 3682 Datames
403 3635 530 3689 belrrlegt
539 3635 583 3679 die
591 3632 717 3688 Plsldler,
730 3632 786 3678 und
795 3631 920 3686 cbgleloh
933 3632 977 3678 ein
985 3631 1061 3678 Pnell
1074 3632 1162 3678 salnes
1171 3630 1274 3678 Haeret

154 3705 215 3740 aum
227 3693 325 3739 Paluda
337 3692 479 3748 fibergeht,
493 3691 564 3747 nlegt
578 3698 618 3734 er.

182 3781 204 3832 1.
221 3792 271 3831 noc
288 3783 333 3839 ita,
352 3775 435 3829 durch
452 3773 495 3827 die
510 3771 680 3842 Pra'position
697 3770 825 3825 condem
842 3769 912 3838 adj,
929 3786 962 3823 au
979 3769 1038 3824 dem
1055 3786 1083 3824 es
1099 3770 1202 3837 gohdrt,
1226 3785 1274 3838 ge·

19 3890 24 3903 ,
126 3847 222 3898 trennt
236 3869 271 3889 =
282 3843 358 3897 nicht
375 3841 435 3895 sehr
441 3859 449 3904 ;
467 3845 502 3894 ad
516 3844 618 3902 bostem,
636 3838 679 3890 ins
696 3837 846 3904 Angesicht
862 3837 907 3891 des
923 3836 1036 3891 Deindes
1049 3852 1109 3890 zum
1120 3836 1230 3905 Angrild
1239 3861 1275 3884 -·=

127 3928 166 3966 an
184 3911 235 3964 den
250 3909 346 3973 Feind;
363 3913 430 3962 male
446 3925 475 3960 re
488 3913 568 3975 pecta,
588 3903 689 3958 seldene
705 3903 904 3973 Wortstellung
920 3906 989 3971 statt
1007 3922 1035 3956 re
1052 3908 1119 3956 male
1132 3909 1212 3971 pecta.

129 4043 151 4098 S
181 3981 205 4030 2.
222 3981 306 4044 iisque
329 3981 390 4030 locis
411 3982 496 4027 castra
512 3976 602 4041 ponit:
623 3970 678 4023 und
699 3969 801 4038 lage1te
824 3987 859 4024 an
881 3970 989 4024 aolohen
1006 3969 1120 4033 Stellam
1145 3974 1274 4038 etnpcdira‘,
