<?xml version="1.0" encoding="UTF-8"?>
<!DOCTYPE html PUBLIC "-//W3C//DTD XHTML 1.0 Transitional//EN"
    "http://www.w3.org/TR/xhtml1/DTD/xhtml1-transitional.dtd">
<html xmlns="http://www.w3.org/1999/xhtml" xml:lang="en" lang="en">
 <head>
  <title>
</title>
<meta http-equiv="Content-Type" content="text/html;charset=utf-8" />
  <meta name='ocr-system' content='tesseract 3.04.00' />
  <meta name='ocr-capabilities' content='ocr_page ocr_carea ocr_par ocr_line ocrx_word'/>
</head>
<body>
  <div class='ocr_page' id='page_1' title='image "./corneliusneposm00hinzgoog_0042.png"; bbox 0 0 2684 4478; ppageno 0'>
   <div class='ocr_carea' id='block_1_1' title="bbox 470 182 1211 244">
    <p class='ocr_par' dir='ltr' id='par_1_1' title="bbox 470 182 1211 244">
     <span class='ocr_line' id='line_1_1' title="bbox 470 182 1211 244; baseline -0.005 -1"><span class='ocrx_word' id='word_1_1' title='bbox 470 184 536 244; x_wconf 86' lang='lat' dir='ltr'>VII.</span> <span class='ocrx_word' id='word_1_2' title='bbox 579 183 812 243; x_wconf 74' lang='lat' dir='ltr'><strong>ALCIBIADES.</strong></span> <span class='ocrx_word' id='word_1_3' title='bbox 1172 182 1211 239; x_wconf 79' lang='lat'>33</span> 
     </span>
    </p>
   </div>
   <div class='ocr_carea' id='block_1_2' title="bbox 34 366 1319 2685">
    <p class='ocr_par' dir='ltr' id='par_1_2' title="bbox 61 366 1316 1521">
     <span class='ocr_line' id='line_1_2' title="bbox 64 366 1212 440; baseline -0.004 -13"><span class='ocrx_word' id='word_1_4' title='bbox 64 385 130 427; x_wconf 91' lang='lat' dir='ltr'>cum</span> <span class='ocrx_word' id='word_1_5' title='bbox 152 367 276 427; x_wconf 89' lang='lat' dir='ltr'>animum</span> <span class='ocrx_word' id='word_1_6' title='bbox 292 367 461 426; x_wconf 86' lang='lat' dir='ltr'>attendisset</span> <span class='ocrx_word' id='word_1_7' title='bbox 482 367 517 425; x_wconf 90' lang='lat' dir='ltr'>ad</span> <span class='ocrx_word' id='word_1_8' title='bbox 532 367 695 426; x_wconf 82' lang='lat' dir='ltr'>cavendum.</span> <span class='ocrx_word' id='word_1_9' title='bbox 717 368 817 440; x_wconf 89' lang='lat' dir='ltr'>Itaque</span> <span class='ocrx_word' id='word_1_10' title='bbox 833 366 868 424; x_wconf 90' lang='lat' dir='ltr'>ad</span> <span class='ocrx_word' id='word_1_11' title='bbox 883 366 1107 440; x_wconf 78' lang='lat' dir='ltr'>Tissaphernem,</span> <span class='ocrx_word' id='word_1_12' title='bbox 1130 382 1212 438; x_wconf 90' lang='lat' dir='ltr'>prae-</span> 
     </span>
     <span class='ocr_line' id='line_1_3' title="bbox 62 447 1252 524; baseline -0.003 -14"><span class='ocrx_word' id='word_1_13' title='bbox 62 451 171 511; x_wconf 76' lang='lat' dir='ltr'>fectum</span> <span class='ocrx_word' id='word_1_14' title='bbox 185 451 261 524; x_wconf 82' lang='lat' dir='ltr'>regis</span> <span class='ocrx_word' id='word_1_15' title='bbox 275 451 365 521; x_wconf 91' lang='lat' dir='ltr'>Darii,</span> <span class='ocrx_word' id='word_1_16' title='bbox 378 469 419 519; x_wconf 67' lang='lat' dir='ltr'>⁴se</span> <span class='ocrx_word' id='word_1_17' title='bbox 434 450 563 509; x_wconf 90' lang='lat' dir='ltr'>contulit.</span> <span class='ocrx_word' id='word_1_18' title='bbox 583 450 669 509; x_wconf 78' lang='lat' dir='ltr'>(iuius</span> <span class='ocrx_word' id='word_1_19' title='bbox 685 467 748 508; x_wconf 91' lang='lat' dir='ltr'>curn</span> <span class='ocrx_word' id='word_1_20' title='bbox 761 450 791 508; x_wconf 91' lang='lat' dir='ltr'>in</span> <span class='ocrx_word' id='word_1_21' title='bbox 805 449 933 508; x_wconf 88' lang='lat' dir='ltr'>intimam</span> <span class='ocrx_word' id='word_1_22' title='bbox 948 449 1100 507; x_wconf 91' lang='lat' dir='ltr'>amicitiam</span> <span class='ocrx_word' id='word_1_23' title='bbox 1113 465 1211 522; x_wconf 87' lang='lat' dir='ltr'>perve-</span> <span class='ocrx_word' id='word_1_24' title='bbox 1234 447 1252 505; x_wconf 87' lang='lat'><strong>3</strong></span> 
     </span>
     <span class='ocr_line' id='line_1_4' title="bbox 61 533 1217 607; baseline -0.005 -13"><span class='ocrx_word' id='word_1_25' title='bbox 61 534 155 594; x_wconf 85' lang='lat' dir='ltr'>nisset</span> <span class='ocrx_word' id='word_1_26' title='bbox 170 537 198 593; x_wconf 89' lang='lat' dir='ltr'>et</span> <span class='ocrx_word' id='word_1_27' title='bbox 207 533 432 606; x_wconf 67' lang='lat' dir='ltr'><strong>Atheniensium,</strong></span> <span class='ocrx_word' id='word_1_28' title='bbox 445 535 517 592; x_wconf 91' lang='lat' dir='ltr'>malo</span> <span class='ocrx_word' id='word_1_29' title='bbox 529 533 617 607; x_wconf 84' lang='lat' dir='ltr'>gestis</span> <span class='ocrx_word' id='word_1_30' title='bbox 632 533 662 592; x_wconf 89' lang='lat' dir='ltr'>in</span> <span class='ocrx_word' id='word_1_31' title='bbox 673 533 768 591; x_wconf 77' lang='lat' dir='ltr'>Sicilia</span> <span class='ocrx_word' id='word_1_32' title='bbox 782 534 876 604; x_wconf 86' lang='lat' dir='ltr'>rebus,</span> <span class='ocrx_word' id='word_1_33' title='bbox 893 549 961 606; x_wconf 89' lang='lat' dir='ltr'>opes</span> <span class='ocrx_word' id='word_1_34' title='bbox 971 549 1126 601; x_wconf 76' lang='lat' dir='ltr'><strong>senescere,</strong></span> <span class='ocrx_word' id='word_1_35' title='bbox 1144 547 1217 589; x_wconf 50' lang='lat' dir='ltr'>con·&gt;</span> 
     </span>
     <span class='ocr_line' id='line_1_5' title="bbox 61 615 1210 689; baseline -0.003 -13"><span class='ocrx_word' id='word_1_36' title='bbox 61 620 111 676; x_wconf 87' lang='lat' dir='ltr'>tra</span> <span class='ocrx_word' id='word_1_37' title='bbox 130 616 416 676; x_wconf 83' lang='lat' dir='ltr'><strong>Lacedaemoniorum</strong></span> <span class='ocrx_word' id='word_1_38' title='bbox 438 633 563 675; x_wconf 89' lang='lat' dir='ltr'>crescere</span> <span class='ocrx_word' id='word_1_39' title='bbox 584 616 699 687; x_wconf 88' lang='lat' dir='ltr'>videret,</span> <span class='ocrx_word' id='word_1_40' title='bbox 722 615 802 674; x_wconf 88' lang='lat' dir='ltr'>initio</span> <span class='ocrx_word' id='word_1_41' title='bbox 823 633 886 674; x_wconf 92' lang='lat' dir='ltr'>cum</span> <span class='ocrx_word' id='word_1_42' title='bbox 906 615 1044 674; x_wconf 85' lang='lat' dir='ltr'>Pisandro</span> <span class='ocrx_word' id='word_1_43' title='bbox 1071 618 1210 689; x_wconf 84' lang='lat' dir='ltr'>praetore,</span> 
     </span>
     <span class='ocr_line' id='line_1_6' title="bbox 62 697 1210 774; baseline -0.003 -15"><span class='ocrx_word' id='word_1_44' title='bbox 62 700 113 774; x_wconf 87' lang='lat' dir='ltr'>qui</span> <span class='ocrx_word' id='word_1_45' title='bbox 134 700 209 774; x_wconf 88' lang='lat' dir='ltr'>apud</span> <span class='ocrx_word' id='word_1_46' title='bbox 224 699 338 758; x_wconf 82' lang='lat' dir='ltr'>Samum</span> <span class='ocrx_word' id='word_1_47' title='bbox 353 699 506 759; x_wconf 84' lang='lat' dir='ltr'>exercitum</span> <span class='ocrx_word' id='word_1_48' title='bbox 519 700 651 770; x_wconf 90' lang='lat' dir='ltr'>habebat,</span> <span class='ocrx_word' id='word_1_49' title='bbox 667 717 716 774; x_wconf 90' lang='lat' dir='ltr'>per</span> <span class='ocrx_word' id='word_1_50' title='bbox 730 699 922 758; x_wconf 67' lang='lat' dir='ltr'>internuntios</span> <span class='ocrx_word' id='word_1_51' title='bbox 938 697 1108 771; x_wconf 79' lang='lat' dir='ltr'>colloquitur</span> <span class='ocrx_word' id='word_1_52' title='bbox 1129 699 1158 756; x_wconf 90' lang='lat' dir='ltr'>et</span> <span class='ocrx_word' id='word_1_53' title='bbox 1178 697 1210 755; x_wconf 93' lang='lat' dir='ltr'>de</span> 
     </span>
     <span class='ocr_line' id='line_1_7' title="bbox 62 781 1316 856; baseline -0.003 -14"><span class='ocrx_word' id='word_1_54' title='bbox 62 782 157 843; x_wconf 88' lang='lat' dir='ltr'>reditu</span> <span class='ocrx_word' id='word_1_55' title='bbox 172 800 224 842; x_wconf 88' lang='lat' dir='ltr'>suo</span> <span class='ocrx_word' id='word_1_56' title='bbox 238 783 309 841; x_wconf 88' lang='lat' dir='ltr'>iacit</span> <span class='ocrx_word' id='word_1_57' title='bbox 322 782 501 842; x_wconf 89' lang='lat' dir='ltr'>mentionem.</span> <span class='ocrx_word' id='word_1_58' title='bbox 517 784 588 840; x_wconf 86' lang='lat' dir='ltr'>Erat</span> <span class='ocrx_word' id='word_1_59' title='bbox 603 782 678 841; x_wconf 89' lang='lat' dir='ltr'>enirn</span> <span class='ocrx_word' id='word_1_60' title='bbox 692 782 787 841; x_wconf 90' lang='lat' dir='ltr'>eodem</span> <span class='ocrx_word' id='word_1_61' title='bbox 802 798 856 856; x_wconf 92' lang='lat' dir='ltr'>quo</span> <span class='ocrx_word' id='word_1_62' title='bbox 871 781 1032 840; x_wconf 81' lang='lat' dir='ltr'>Alcibiades</span> <span class='ocrx_word' id='word_1_63' title='bbox 1048 799 1141 852; x_wconf 90' lang='lat' dir='ltr'>sensu,</span> <span class='ocrx_word' id='word_1_64' title='bbox 1158 797 1225 855; x_wconf 72' lang='lat' dir='ltr'>po·¹</span> <span class='ocrx_word' id='word_1_65' title='bbox 1315 786 1316 789; x_wconf 75' lang='grc'>’</span> 
     </span>
     <span class='ocr_line' id='line_1_8' title="bbox 62 864 1251 941; baseline -0.004 -15"><span class='ocrx_word' id='word_1_66' title='bbox 62 867 124 941; x_wconf 87' lang='lat' dir='ltr'>puli</span> <span class='ocrx_word' id='word_1_67' title='bbox 137 865 282 941; x_wconf 89' lang='lat' dir='ltr'>potentiae</span> <span class='ocrx_word' id='word_1_68' title='bbox 296 882 355 925; x_wconf 90' lang='lat' dir='ltr'>non</span> <span class='ocrx_word' id='word_1_69' title='bbox 369 865 476 924; x_wconf 90' lang='lat' dir='ltr'>amicus</span> <span class='ocrx_word' id='word_1_70' title='bbox 493 868 522 924; x_wconf 88' lang='lat' dir='ltr'>et</span> <span class='ocrx_word' id='word_1_71' title='bbox 536 865 713 938; x_wconf 88' lang='lat' dir='ltr'>optimatium</span> <span class='ocrx_word' id='word_1_72' title='bbox 723 866 827 923; x_wconf 84' lang='lat' dir='ltr'>fautor.</span> <span class='ocrx_word' id='word_1_73' title='bbox 849 866 895 923; x_wconf 91' lang='lat' dir='ltr'>Ab</span> <span class='ocrx_word' id='word_1_74' title='bbox 909 867 962 923; x_wconf 92' lang='lat' dir='ltr'>hoc</span> <span class='ocrx_word' id='word_1_75' title='bbox 977 864 1129 924; x_wconf 90' lang='lat' dir='ltr'>destitutus</span> <span class='ocrx_word' id='word_1_76' title='bbox 1151 864 1210 938; x_wconf 90' lang='lat' dir='ltr'>pri·</span> <span class='ocrx_word' id='word_1_77' title='bbox 1232 865 1251 922; x_wconf 87' lang='lat'><strong>4</strong></span> 
     </span>
     <span class='ocr_line' id='line_1_9' title="bbox 62 947 1211 1023; baseline -0.003 -15"><span class='ocrx_word' id='word_1_78' title='bbox 62 967 140 1008; x_wconf 89' lang='lat' dir='ltr'>mum</span> <span class='ocrx_word' id='word_1_79' title='bbox 154 967 204 1023; x_wconf 90' lang='lat' dir='ltr'>per</span> <span class='ocrx_word' id='word_1_80' title='bbox 218 950 434 1022; x_wconf 78' lang='lat' dir='ltr'>Thrasybulum,</span> <span class='ocrx_word' id='word_1_81' title='bbox 450 948 520 1022; x_wconf 83' lang='lat' dir='ltr'>Lyci</span> <span class='ocrx_word' id='word_1_82' title='bbox 534 949 631 1019; x_wconf 87' lang='lat' dir='ltr'>filium,</span> <span class='ocrx_word' id='word_1_83' title='bbox 649 950 685 1006; x_wconf 90' lang='lat' dir='ltr'>ab</span> <span class='ocrx_word' id='word_1_84' title='bbox 700 949 825 1008; x_wconf 84' lang='lat' dir='ltr'>exercitu</span> <span class='ocrx_word' id='word_1_85' title='bbox 840 948 977 1021; x_wconf 78' lang='lat' dir='ltr'>recipitur</span> <span class='ocrx_word' id='word_1_86' title='bbox 992 951 1160 1022; x_wconf 79' lang='lat' dir='ltr'>praetorque</span> <span class='ocrx_word' id='word_1_87' title='bbox 1176 947 1211 1004; x_wconf 90' lang='lat' dir='ltr'>fit</span> 
     </span>
     <span class='ocr_line' id='line_1_10' title="bbox 62 1031 1209 1107; baseline -0.002 -17"><span class='ocrx_word' id='word_1_88' title='bbox 62 1033 281 1107; x_wconf 56' lang='lat' dir='ltr'>apud‘Samum;</span> <span class='ocrx_word' id='word_1_89' title='bbox 303 1035 377 1106; x_wconf 91' lang='lat' dir='ltr'>post,</span> <span class='ocrx_word' id='word_1_90' title='bbox 397 1033 572 1104; x_wconf 84' lang='lat' dir='ltr'>suffragante</span> <span class='ocrx_word' id='word_1_91' title='bbox 587 1033 768 1101; x_wconf 79' lang='lat' dir='ltr'>Theramene,</span> <span class='ocrx_word' id='word_1_92' title='bbox 794 1032 961 1106; x_wconf 90' lang='lat' dir='ltr'>populiscito</span> <span class='ocrx_word' id='word_1_93' title='bbox 981 1031 1143 1090; x_wconf 87' lang='lat' dir='ltr'>rest&#39;tuitur</span> <span class='ocrx_word' id='word_1_94' title='bbox 1156 1048 1209 1104; x_wconf 91' lang='lat' dir='ltr'>pa-</span> 
     </span>
     <span class='ocr_line' id='line_1_11' title="bbox 62 1111 1243 1191; baseline -0.003 -18"><span class='ocrx_word' id='word_1_95' title='bbox 62 1115 144 1191; x_wconf 90' lang='lat' dir='ltr'>rique</span> <span class='ocrx_word' id='word_1_96' title='bbox 165 1117 268 1174; x_wconf 86' lang='lat' dir='ltr'>absens</span> <span class='ocrx_word' id='word_1_97' title='bbox 289 1114 405 1189; x_wconf 90' lang='lat' dir='ltr'>imperio</span> <span class='ocrx_word' id='word_1_98' title='bbox 428 1115 593 1189; x_wconf 89' lang='lat' dir='ltr'>praeficitur</span> <span class='ocrx_word' id='word_1_99' title='bbox 612 1114 696 1174; x_wconf 90' lang='lat' dir='ltr'>simul</span> <span class='ocrx_word' id='word_1_100' title='bbox 710 1132 774 1173; x_wconf 89' lang='lat' dir='ltr'>cum</span> <span class='ocrx_word' id='word_1_101' title='bbox 787 1116 963 1189; x_wconf 84' lang='lat' dir='ltr'>Thrasybulo</span> <span class='ocrx_word' id='word_1_102' title='bbox 985 1111 1209 1173; x_wconf 61' lang='lat' dir='ltr'>et&#39;Theramene.</span> <span class='ocrx_word' id='word_1_103' title='bbox 1240 1161 1243 1167; x_wconf 61' lang='grc'><strong>.</strong></span> 
     </span>
     <span class='ocr_line' id='line_1_12' title="bbox 61 1196 1250 1272; baseline -0.003 -14"><span class='ocrx_word' id='word_1_104' title='bbox 61 1199 173 1258; x_wconf 89' lang='lat' dir='ltr'>Horum</span> <span class='ocrx_word' id='word_1_105' title='bbox 193 1198 224 1259; x_wconf 91' lang='lat' dir='ltr'>in</span> <span class='ocrx_word' id='word_1_106' title='bbox 237 1198 355 1272; x_wconf 90' lang='lat' dir='ltr'>imperio</span> <span class='ocrx_word' id='word_1_107' title='bbox 369 1200 451 1256; x_wconf 88' lang='lat' dir='ltr'>tauta</span> <span class='ocrx_word' id='word_1_108' title='bbox 465 1197 646 1256; x_wconf 87' lang='lat' dir='ltr'>commutatio</span> <span class='ocrx_word' id='word_1_109' title='bbox 660 1215 756 1257; x_wconf 89' lang='lat' dir='ltr'>rerum</span> <span class='ocrx_word' id='word_1_110' title='bbox 769 1198 848 1256; x_wconf 88' lang='lat' dir='ltr'>facta</span> <span class='ocrx_word' id='word_1_111' title='bbox 862 1201 914 1268; x_wconf 89' lang='lat' dir='ltr'>est,</span> <span class='ocrx_word' id='word_1_112' title='bbox 937 1216 956 1256; x_wconf 95' lang='lat' dir='ltr'>u</span> <span class='ocrx_word' id='word_1_113' title='bbox 985 1197 1207 1267; x_wconf 90' lang='lat' dir='ltr'>Lacedaemonii,</span> <span class='ocrx_word' id='word_1_114' title='bbox 1232 1196 1250 1254; x_wconf 87' lang='lat'>5</span> 
     </span>
     <span class='ocr_line' id='line_1_13' title="bbox 62 1279 1210 1356; baseline -0.002 -16"><span class='ocrx_word' id='word_1_115' title='bbox 62 1281 112 1356; x_wconf 88' lang='lat' dir='ltr'>qui</span> <span class='ocrx_word' id='word_1_116' title='bbox 125 1282 210 1355; x_wconf 87' lang='lat' dir='ltr'>paulo</span> <span class='ocrx_word' id='word_1_117' title='bbox 225 1284 292 1340; x_wconf 90' lang='lat' dir='ltr'>ante</span> <span class='ocrx_word' id='word_1_118' title='bbox 306 1281 428 1340; x_wconf 83' lang='lat' dir='ltr'>victores</span> <span class='ocrx_word' id='word_1_119' title='bbox 441 1281 601 1353; x_wconf 82' lang='lat' dir='ltr'>viguerant,</span> <span class='ocrx_word' id='word_1_120' title='bbox 616 1281 760 1355; x_wconf 87' lang='lat' dir='ltr'>perterriti</span> <span class='ocrx_word' id='word_1_121' title='bbox 774 1299 872 1355; x_wconf 90' lang='lat' dir='ltr'>pacem</span> <span class='ocrx_word' id='word_1_122' title='bbox 887 1284 1023 1355; x_wconf 90' lang='lat' dir='ltr'>peterent.</span> <span class='ocrx_word' id='word_1_123' title='bbox 1045 1280 1123 1346; x_wconf 88' lang='lat' dir='ltr'>Victi</span> <span class='ocrx_word' id='word_1_124' title='bbox 1137 1279 1210 1339; x_wconf 89' lang='lat' dir='ltr'>enim</span> 
     </span>
     <span class='ocr_line' id='line_1_14' title="bbox 63 1364 1209 1438; baseline -0.003 -14"><span class='ocrx_word' id='word_1_125' title='bbox 63 1367 147 1424; x_wconf 90' lang='lat' dir='ltr'>erant</span> <span class='ocrx_word' id='word_1_126' title='bbox 160 1364 283 1438; x_wconf 89' lang='lat' dir='ltr'>quinque</span> <span class='ocrx_word' id='word_1_127' title='bbox 297 1364 411 1438; x_wconf 89' lang='lat' dir='ltr'>proeliis</span> <span class='ocrx_word' id='word_1_128' title='bbox 425 1364 616 1435; x_wconf 88' lang='lat' dir='ltr'>terrestribus,</span> <span class='ocrx_word' id='word_1_129' title='bbox 632 1364 724 1423; x_wconf 90' lang='lat' dir='ltr'>tribus</span> <span class='ocrx_word' id='word_1_130' title='bbox 734 1364 897 1434; x_wconf 86' lang='lat' dir='ltr'>navahbus;</span> <span class='ocrx_word' id='word_1_131' title='bbox 912 1364 942 1422; x_wconf 93' lang='lat' dir='ltr'>in</span> <span class='ocrx_word' id='word_1_132' title='bbox 956 1364 1059 1438; x_wconf 88' lang='lat' dir='ltr'>quibus</span> <span class='ocrx_word' id='word_1_133' title='bbox 1074 1364 1209 1423; x_wconf 87' lang='lat' dir='ltr'>ducentas</span> 
     </span>
     <span class='ocr_line' id='line_1_15' title="bbox 62 1447 1208 1521; baseline -0.003 -14"><span class='ocrx_word' id='word_1_134' title='bbox 62 1465 152 1507; x_wconf 83' lang='lat' dir='ltr'>nares</span> <span class='ocrx_word' id='word_1_135' title='bbox 166 1448 296 1506; x_wconf 89' lang='lat' dir='ltr'>triremes</span> <span class='ocrx_word' id='word_1_136' title='bbox 312 1448 475 1518; x_wconf 85' lang='lat' dir='ltr'>amiserant,</span> <span class='ocrx_word' id='word_1_137' title='bbox 499 1465 570 1521; x_wconf 88' lang='lat' dir='ltr'>quae</span> <span class='ocrx_word' id='word_1_138' title='bbox 586 1450 685 1521; x_wconf 87' lang='lat' dir='ltr'>captae</span> <span class='ocrx_word' id='word_1_139' title='bbox 698 1447 730 1505; x_wconf 91' lang='lat' dir='ltr'>in</span> <span class='ocrx_word' id='word_1_140' title='bbox 744 1448 865 1506; x_wconf 88' lang='lat' dir='ltr'>hostiurn</span> <span class='ocrx_word' id='word_1_141' title='bbox 880 1450 1016 1506; x_wconf 87' lang='lat' dir='ltr'>venerant</span> <span class='ocrx_word' id='word_1_142' title='bbox 1030 1450 1208 1521; x_wconf 88' lang='lat' dir='ltr'>potestatem.</span> 
     </span>
    </p>

    <p class='ocr_par' dir='ltr' id='par_1_3' title="bbox 34 1529 1249 1937">
     <span class='ocr_line' id='line_1_16' title="bbox 34 1529 1249 1604; baseline -0.001 -14"><span class='ocrx_word' id='word_1_143' title='bbox 34 1544 37 1548; x_wconf 59' lang='lat'><em>⁴</em></span> <span class='ocrx_word' id='word_1_144' title='bbox 61 1529 225 1590; x_wconf 85' lang='lat' dir='ltr'>Alcibiades</span> <span class='ocrx_word' id='word_1_145' title='bbox 241 1530 326 1588; x_wconf 88' lang='lat' dir='ltr'>simul</span> <span class='ocrx_word' id='word_1_146' title='bbox 342 1548 404 1588; x_wconf 91' lang='lat' dir='ltr'>cum</span> <span class='ocrx_word' id='word_1_147' title='bbox 420 1530 535 1604; x_wconf 80' lang='lat' dir='ltr'>collegis</span> <span class='ocrx_word' id='word_1_148' title='bbox 556 1533 704 1604; x_wconf 86' lang='lat' dir='ltr'>receperat</span> <span class='ocrx_word' id='word_1_149' title='bbox 717 1531 836 1601; x_wconf 90' lang='lat' dir='ltr'>Ioniam,</span> <span class='ocrx_word' id='word_1_150' title='bbox 857 1531 1081 1604; x_wconf 87' lang='lat' dir='ltr'>Hellespontum,</span> <span class='ocrx_word' id='word_1_151' title='bbox 1104 1531 1208 1588; x_wconf 88' lang='lat' dir='ltr'>multas</span> <span class='ocrx_word' id='word_1_152' title='bbox 1231 1533 1249 1589; x_wconf 87' lang='lat'><strong>6</strong></span> 
     </span>
     <span class='ocr_line' id='line_1_17' title="bbox 63 1613 1208 1688; baseline 0.001 -17"><span class='ocrx_word' id='word_1_153' title='bbox 63 1616 213 1688; x_wconf 86' lang='lat' dir='ltr'>praeterea</span> <span class='ocrx_word' id='word_1_154' title='bbox 234 1614 320 1672; x_wconf 88' lang='lat' dir='ltr'>urbes</span> <span class='ocrx_word' id='word_1_155' title='bbox 335 1614 469 1684; x_wconf 81' lang='lat' dir='ltr'>Graecas,</span> <span class='ocrx_word' id='word_1_156' title='bbox 492 1631 564 1687; x_wconf 89' lang='lat' dir='ltr'>quae</span> <span class='ocrx_word' id='word_1_157' title='bbox 585 1613 615 1671; x_wconf 92' lang='lat' dir='ltr'>in</span> <span class='ocrx_word' id='word_1_158' title='bbox 636 1630 686 1671; x_wconf 91' lang='lat' dir='ltr'>ora</span> <span class='ocrx_word' id='word_1_159' title='bbox 701 1613 772 1673; x_wconf 89' lang='lat' dir='ltr'>sitae</span> <span class='ocrx_word' id='word_1_160' title='bbox 787 1617 856 1673; x_wconf 90' lang='lat' dir='ltr'>sunt</span> <span class='ocrx_word' id='word_1_161' title='bbox 868 1614 963 1684; x_wconf 90' lang='lat' dir='ltr'>Asiae,</span> <span class='ocrx_word' id='word_1_162' title='bbox 986 1632 1105 1687; x_wconf 90' lang='lat' dir='ltr'>quarum</span> <span class='ocrx_word' id='word_1_163' title='bbox 1120 1631 1208 1688; x_wconf 83' lang='lat' dir='ltr'>expu-</span> 
     </span>
     <span class='ocr_line' id='line_1_18' title="bbox 63 1695 1209 1773; baseline -0.002 -18"><span class='ocrx_word' id='word_1_164' title='bbox 63 1700 190 1770; x_wconf 84' lang='lat' dir='ltr'>gnarant</span> <span class='ocrx_word' id='word_1_165' title='bbox 211 1697 377 1770; x_wconf 89' lang='lat' dir='ltr'>complures,</span> <span class='ocrx_word' id='word_1_166' title='bbox 400 1696 431 1754; x_wconf 89' lang='lat' dir='ltr'>in</span> <span class='ocrx_word' id='word_1_167' title='bbox 451 1697 496 1755; x_wconf 89' lang='lat' dir='ltr'>his</span> <span class='ocrx_word' id='word_1_168' title='bbox 509 1695 684 1771; x_wconf 85' lang='lat' dir='ltr'>Byzantium,</span> <span class='ocrx_word' id='word_1_169' title='bbox 706 1714 796 1770; x_wconf 89' lang='lat' dir='ltr'>neque</span> <span class='ocrx_word' id='word_1_170' title='bbox 817 1696 910 1756; x_wconf 90' lang='lat' dir='ltr'>miuus</span> <span class='ocrx_word' id='word_1_171' title='bbox 925 1698 1029 1756; x_wconf 88' lang='lat' dir='ltr'>multas</span> <span class='ocrx_word' id='word_1_172' title='bbox 1045 1697 1161 1773; x_wconf 87' lang='lat' dir='ltr'>oonsilio</span> <span class='ocrx_word' id='word_1_173' title='bbox 1174 1696 1209 1754; x_wconf 91' lang='lat' dir='ltr'>ad</span> 
     </span>
     <span class='ocr_line' id='line_1_19' title="bbox 62 1778 1248 1854; baseline -0.001 -16"><span class='ocrx_word' id='word_1_174' title='bbox 62 1778 218 1847; x_wconf 80' lang='lat' dir='ltr'>amicitiam</span> <span class='ocrx_word' id='word_1_175' title='bbox 232 1779 427 1850; x_wconf 81' lang='lat' dir='ltr'>adiunxerant,</span> <span class='ocrx_word' id='word_1_176' title='bbox 444 1781 518 1853; x_wconf 93' lang='lat' dir='ltr'>quod</span> <span class='ocrx_word' id='word_1_177' title='bbox 531 1781 561 1837; x_wconf 92' lang='lat' dir='ltr'>in</span> <span class='ocrx_word' id='word_1_178' title='bbox 577 1783 675 1854; x_wconf 91' lang='lat' dir='ltr'>captos</span> <span class='ocrx_word' id='word_1_179' title='bbox 687 1781 835 1838; x_wconf 89' lang='lat' dir='ltr'>clementia</span> <span class='ocrx_word' id='word_1_180' title='bbox 848 1781 965 1840; x_wconf 86' lang='lat' dir='ltr'>fuerunt</span> <span class='ocrx_word' id='word_1_181' title='bbox 975 1780 1029 1839; x_wconf 88' lang='lat' dir='ltr'>usi.</span> <span class='ocrx_word' id='word_1_182' title='bbox 1043 1782 1090 1838; x_wconf 91' lang='lat' dir='ltr'>Ita</span> <span class='ocrx_word' id='word_1_183' title='bbox 1104 1779 1208 1853; x_wconf 91' lang='lat' dir='ltr'>praeda</span> <span class='ocrx_word' id='word_1_184' title='bbox 1231 1780 1248 1837; x_wconf 82' lang='lat'><strong>7</strong></span> 
     </span>
     <span class='ocr_line' id='line_1_20' title="bbox 62 1862 1206 1937; baseline 0.002 -15"><span class='ocrx_word' id='word_1_185' title='bbox 62 1862 169 1933; x_wconf 86' lang='lat' dir='ltr'>onusti,</span> <span class='ocrx_word' id='word_1_186' title='bbox 191 1863 364 1937; x_wconf 90' lang='lat' dir='ltr'>locupletato</span> <span class='ocrx_word' id='word_1_187' title='bbox 387 1863 520 1933; x_wconf 84' lang='lat' dir='ltr'>exercitu,</span> <span class='ocrx_word' id='word_1_188' title='bbox 543 1863 671 1922; x_wconf 83' lang='lat' dir='ltr'>maximis</span> <span class='ocrx_word' id='word_1_189' title='bbox 689 1865 775 1922; x_wconf 89' lang='lat' dir='ltr'>rebus</span> <span class='ocrx_word' id='word_1_190' title='bbox 797 1864 894 1936; x_wconf 87' lang='lat' dir='ltr'>gestis,</span> <span class='ocrx_word' id='word_1_191' title='bbox 916 1865 1044 1923; x_wconf 89' lang='lat' dir='ltr'>Athenas</span> <span class='ocrx_word' id='word_1_192' title='bbox 1058 1866 1206 1924; x_wconf 88' lang='lat' dir='ltr'>venerunt.</span> 
     </span>
    </p>

    <p class='ocr_par' dir='ltr' id='par_1_4' title="bbox 122 1943 1248 2018">
     <span class='ocr_line' id='line_1_21' title="bbox 122 1943 1248 2018; baseline 0.004 -13"><span class='ocrx_word' id='word_1_193' title='bbox 122 1944 178 2005; x_wconf 87' lang='lat' dir='ltr'>His</span> <span class='ocrx_word' id='word_1_194' title='bbox 200 1962 264 2003; x_wconf 92' lang='lat' dir='ltr'>cum</span> <span class='ocrx_word' id='word_1_195' title='bbox 285 1945 395 2004; x_wconf 85' lang='lat' dir='ltr'>obviarn</span> <span class='ocrx_word' id='word_1_196' title='bbox 415 1945 548 2005; x_wconf 85' lang='lat' dir='ltr'>universa</span> <span class='ocrx_word' id='word_1_197' title='bbox 570 1946 670 2005; x_wconf 80' lang='lat' dir='ltr'>ciuitas</span> <span class='ocrx_word' id='word_1_198' title='bbox 691 1946 721 2004; x_wconf 90' lang='lat' dir='ltr'>iu</span> <span class='ocrx_word' id='word_1_199' title='bbox 741 1947 874 2007; x_wconf 89' lang='lat' dir='ltr'>Piraeum</span> <span class='ocrx_word' id='word_1_200' title='bbox 900 1947 1098 2018; x_wconf 87' lang='lat' dir='ltr'>descendisset,</span> <span class='ocrx_word' id='word_1_201' title='bbox 1125 1943 1248 2010; x_wconf 78' lang='lat' dir='ltr'>tautaii</span> 
     </span>
    </p>

    <p class='ocr_par' dir='ltr' id='par_1_5' title="bbox 55 2024 1319 2685">
     <span class='ocr_line' id='line_1_22' title="bbox 60 2024 1206 2103; baseline 0.002 -17"><span class='ocrx_word' id='word_1_202' title='bbox 60 2024 119 2086; x_wconf 82' lang='lat' dir='ltr'>fuit</span> <span class='ocrx_word' id='word_1_203' title='bbox 132 2027 264 2097; x_wconf 63' lang='lat' dir='ltr'>,omnim</span> <span class='ocrx_word' id='word_1_204' title='bbox 284 2029 457 2103; x_wconf 82' lang='lat' dir='ltr'>exspectatio</span> <span class='ocrx_word' id='word_1_205' title='bbox 478 2028 586 2088; x_wconf 85' lang='lat' dir='ltr'>visendi</span> <span class='ocrx_word' id='word_1_206' title='bbox 604 2029 768 2100; x_wconf 89' lang='lat' dir='ltr'>Alcibiadis,</span> <span class='ocrx_word' id='word_1_207' title='bbox 790 2033 823 2088; x_wconf 94' lang='lat' dir='ltr'>ut</span> <span class='ocrx_word' id='word_1_208' title='bbox 844 2030 880 2088; x_wconf 94' lang='lat' dir='ltr'>ad</span> <span class='ocrx_word' id='word_1_209' title='bbox 901 2029 962 2089; x_wconf 89' lang='lat' dir='ltr'>eius</span> <span class='ocrx_word' id='word_1_210' title='bbox 982 2030 1124 2089; x_wconf 89' lang='lat' dir='ltr'>triremem</span> <span class='ocrx_word' id='word_1_211' title='bbox 1143 2031 1206 2088; x_wconf 77' lang='lat' dir='ltr'>url-</span> 
     </span>
     <span class='ocr_line' id='line_1_23' title="bbox 61 2112 1247 2187; baseline 0 -17"><span class='ocrx_word' id='word_1_212' title='bbox 61 2127 119 2184; x_wconf 81' lang='lat' dir='ltr'>gus</span> <span class='ocrx_word' id='word_1_213' title='bbox 141 2112 305 2182; x_wconf 83' lang='lat' dir='ltr'>conflueret,</span> <span class='ocrx_word' id='word_1_214' title='bbox 328 2112 444 2186; x_wconf 90' lang='lat' dir='ltr'>proinde</span> <span class='ocrx_word' id='word_1_215' title='bbox 464 2130 497 2170; x_wconf 91' lang='lat' dir='ltr'>ao</span> <span class='ocrx_word' id='word_1_216' title='bbox 520 2112 545 2171; x_wconf 91' lang='lat' dir='ltr'>si</span> <span class='ocrx_word' id='word_1_217' title='bbox 565 2113 642 2171; x_wconf 92' lang='lat' dir='ltr'>solus</span> <span class='ocrx_word' id='word_1_218' title='bbox 664 2112 832 2172; x_wconf 79' lang='lat' dir='ltr'>aduenisset.</span> <span class='ocrx_word' id='word_1_219' title='bbox 859 2113 906 2171; x_wconf 89' lang='lat' dir='ltr'>Sic</span> <span class='ocrx_word' id='word_1_220' title='bbox 927 2112 1001 2171; x_wconf 89' lang='lat' dir='ltr'>euim</span> <span class='ocrx_word' id='word_1_221' title='bbox 1020 2114 1124 2187; x_wconf 90' lang='lat' dir='ltr'>populo</span> <span class='ocrx_word' id='word_1_222' title='bbox 1147 2115 1208 2172; x_wconf 86' lang='lat' dir='ltr'>erat</span> <span class='ocrx_word' id='word_1_223' title='bbox 1229 2114 1247 2170; x_wconf 86' lang='lat'>2</span> 
     </span>
     <span class='ocr_line' id='line_1_24' title="bbox 61 2195 1288 2270; baseline 0.001 -18"><span class='ocrx_word' id='word_1_224' title='bbox 61 2211 240 2269; x_wconf 87' lang='lat' dir='ltr'>persuasum,</span> <span class='ocrx_word' id='word_1_225' title='bbox 264 2198 293 2254; x_wconf 92' lang='lat' dir='ltr'>et</span> <span class='ocrx_word' id='word_1_226' title='bbox 308 2195 439 2254; x_wconf 87' lang='lat' dir='ltr'>adversas</span> <span class='ocrx_word' id='word_1_227' title='bbox 455 2195 614 2269; x_wconf 88' lang='lat' dir='ltr'>superiores</span> <span class='ocrx_word' id='word_1_228' title='bbox 636 2198 665 2253; x_wconf 90' lang='lat' dir='ltr'>et</span> <span class='ocrx_word' id='word_1_229' title='bbox 679 2199 843 2270; x_wconf 87' lang='lat' dir='ltr'>praesentes</span> <span class='ocrx_word' id='word_1_230' title='bbox 857 2197 995 2255; x_wconf 90' lang='lat' dir='ltr'>secundas</span> <span class='ocrx_word' id='word_1_231' title='bbox 1010 2214 1056 2254; x_wconf 86' lang='lat' dir='ltr'>res</span> <span class='ocrx_word' id='word_1_232' title='bbox 1071 2195 1207 2254; x_wconf 89' lang='lat' dir='ltr'>accidisse</span> <span class='ocrx_word' id='word_1_233' title='bbox 1285 2221 1288 2226; x_wconf 53' lang='lat'>&gt;</span> 
     </span>
     <span class='ocr_line' id='line_1_25' title="bbox 62 2277 1206 2351; baseline 0 -15"><span class='ocrx_word' id='word_1_234' title='bbox 62 2277 126 2336; x_wconf 83' lang='lat' dir='ltr'>eius</span> <span class='ocrx_word' id='word_1_235' title='bbox 147 2293 241 2351; x_wconf 86' lang='lat' dir='ltr'>opera.</span> <span class='ocrx_word' id='word_1_236' title='bbox 262 2279 364 2351; x_wconf 84' lang='lat' dir='ltr'>Itaque</span> <span class='ocrx_word' id='word_1_237' title='bbox 385 2282 413 2337; x_wconf 91' lang='lat' dir='ltr'>et</span> <span class='ocrx_word' id='word_1_238' title='bbox 433 2278 546 2337; x_wconf 85' lang='lat' dir='ltr'>Siciliae</span> <span class='ocrx_word' id='word_1_239' title='bbox 567 2278 702 2337; x_wconf 86' lang='lat' dir='ltr'>amissum</span> <span class='ocrx_word' id='word_1_240' title='bbox 723 2282 752 2338; x_wconf 88' lang='lat' dir='ltr'>et</span> <span class='ocrx_word' id='word_1_241' title='bbox 765 2278 1050 2338; x_wconf 84' lang='lat' dir='ltr'>Lacedaemoniorum</span> <span class='ocrx_word' id='word_1_242' title='bbox 1071 2279 1206 2337; x_wconf 78' lang='lat' dir='ltr'>materias</span> 
     </span>
     <span class='ocr_line' id='line_1_26' title="bbox 62 2361 1206 2436; baseline 0.001 -18"><span class='ocrx_word' id='word_1_243' title='bbox 62 2361 167 2435; x_wconf 89' lang='lat' dir='ltr'>culpae</span> <span class='ocrx_word' id='word_1_244' title='bbox 187 2361 449 2432; x_wconf 87' lang='lat' dir='ltr'>suaetribuehant,</span> <span class='ocrx_word' id='word_1_245' title='bbox 473 2362 546 2435; x_wconf 87' lang='lat' dir='ltr'>quod</span> <span class='ocrx_word' id='word_1_246' title='bbox 560 2363 645 2420; x_wconf 89' lang='lat' dir='ltr'>talem</span> <span class='ocrx_word' id='word_1_247' title='bbox 659 2362 751 2420; x_wconf 88' lang='lat' dir='ltr'>virum</span> <span class='ocrx_word' id='word_1_248' title='bbox 772 2380 787 2421; x_wconf 92' lang='lat' dir='ltr'>e</span> <span class='ocrx_word' id='word_1_249' title='bbox 809 2362 924 2421; x_wconf 86' lang='lat' dir='ltr'>civitate</span> <span class='ocrx_word' id='word_1_250' title='bbox 945 2362 1126 2436; x_wconf 78' lang='lat' dir='ltr'>expulissent.</span> <span class='ocrx_word' id='word_1_251' title='bbox 1147 2362 1206 2420; x_wconf 86' lang='lat' dir='ltr'>Ne·</span> 
     </span>
     <span class='ocr_line' id='line_1_27' title="bbox 55 2443 1207 2519; baseline 0.002 -17"><span class='ocrx_word' id='word_1_252' title='bbox 55 2460 119 2518; x_wconf 38' lang='lat' dir='ltr'>,que</span> <span class='ocrx_word' id='word_1_253' title='bbox 136 2443 168 2502; x_wconf 89' lang='lat' dir='ltr'>id</span> <span class='ocrx_word' id='word_1_254' title='bbox 189 2443 251 2502; x_wconf 87' lang='lat' dir='ltr'>&#39;sine</span> <span class='ocrx_word' id='word_1_255' title='bbox 265 2461 354 2503; x_wconf 90' lang='lat' dir='ltr'>causa</span> <span class='ocrx_word' id='word_1_256' title='bbox 368 2443 501 2503; x_wconf 88' lang='lat' dir='ltr'>arbitrari</span> <span class='ocrx_word' id='word_1_257' title='bbox 521 2445 699 2504; x_wconf 86' lang='lat' dir='ltr'>videbantur.</span> <span class='ocrx_word' id='word_1_258' title='bbox 720 2447 796 2503; x_wconf 89' lang='lat' dir='ltr'>Nam</span> <span class='ocrx_word' id='word_1_259' title='bbox 809 2448 959 2519; x_wconf 88' lang='lat' dir='ltr'>postquam</span> <span class='ocrx_word' id='word_1_260' title='bbox 974 2445 1109 2503; x_wconf 80' lang='lat' dir='ltr'>exercitui</span> <span class='ocrx_word' id='word_1_261' title='bbox 1124 2462 1207 2519; x_wconf 90' lang='lat' dir='ltr'>prae·</span> 
     </span>
     <span class='ocr_line' id='line_1_28' title="bbox 62 2528 1319 2602; baseline -0.001 -16"><span class='ocrx_word' id='word_1_262' title='bbox 62 2543 127 2586; x_wconf 86' lang='lat' dir='ltr'>esse</span> <span class='ocrx_word' id='word_1_263' title='bbox 149 2530 289 2601; x_wconf 87' lang='lat' dir='ltr'>coeperat,</span> <span class='ocrx_word' id='word_1_264' title='bbox 317 2545 406 2600; x_wconf 90' lang='lat' dir='ltr'>neque</span> <span class='ocrx_word' id='word_1_265' title='bbox 427 2531 505 2586; x_wconf 88' lang='lat' dir='ltr'>terra</span> <span class='ocrx_word' id='word_1_266' title='bbox 526 2546 616 2602; x_wconf 90' lang='lat' dir='ltr'>neque</span> <span class='ocrx_word' id='word_1_267' title='bbox 637 2528 709 2586; x_wconf 90' lang='lat' dir='ltr'>mari</span> <span class='ocrx_word' id='word_1_268' title='bbox 733 2531 829 2587; x_wconf 89' lang='lat' dir='ltr'>hostes</span> <span class='ocrx_word' id='word_1_269' title='bbox 853 2546 936 2602; x_wconf 89' lang='lat' dir='ltr'>pares</span> <span class='ocrx_word' id='word_1_270' title='bbox 962 2546 1025 2587; x_wconf 91' lang='lat' dir='ltr'>esse</span> <span class='ocrx_word' id='word_1_271' title='bbox 1045 2531 1206 2601; x_wconf 85' lang='lat' dir='ltr'>potuerant.</span> <span class='ocrx_word' id='word_1_272' title='bbox 1317 2536 1319 2541; x_wconf 81' lang='grc'>’</span> 
     </span>
     <span class='ocr_line' id='line_1_29' title="bbox 61 2608 1247 2685; baseline 0 -17"><span class='ocrx_word' id='word_1_273' title='bbox 61 2608 120 2668; x_wconf 88' lang='lat' dir='ltr'>Hic</span> <span class='ocrx_word' id='word_1_274' title='bbox 141 2612 176 2669; x_wconf 92' lang='lat' dir='ltr'>ut</span> <span class='ocrx_word' id='word_1_275' title='bbox 196 2627 212 2668; x_wconf 90' lang='lat' dir='ltr'>e</span> <span class='ocrx_word' id='word_1_276' title='bbox 231 2609 299 2668; x_wconf 89' lang='lat' dir='ltr'>navi</span> <span class='ocrx_word' id='word_1_277' title='bbox 323 2627 455 2683; x_wconf 81' lang='lat' dir='ltr'>egressus</span> <span class='ocrx_word' id='word_1_278' title='bbox 482 2614 533 2683; x_wconf 89' lang='lat' dir='ltr'>est,</span> <span class='ocrx_word' id='word_1_279' title='bbox 561 2629 729 2685; x_wconf 91' lang='lat' dir='ltr'>quamquam</span> <span class='ocrx_word' id='word_1_280' title='bbox 750 2613 938 2671; x_wconf 89' lang='lat' dir='ltr'>Theramenes</span> <span class='ocrx_word' id='word_1_281' title='bbox 965 2614 994 2670; x_wconf 90' lang='lat' dir='ltr'>et</span> <span class='ocrx_word' id='word_1_282' title='bbox 1014 2612 1207 2685; x_wconf 87' lang='lat' dir='ltr'>Thrasybulus</span> <span class='ocrx_word' id='word_1_283' title='bbox 1229 2611 1247 2668; x_wconf 84' lang='lat'><strong>3</strong></span> 
     </span>
    </p>
   </div>
   <div class='ocr_carea' id='block_1_3' title="bbox 60 2787 1208 3454">
    <p class='ocr_par' dir='ltr' id='par_1_6' title="bbox 61 2787 1206 3042">
     <span class='ocr_line' id='line_1_30' title="bbox 112 2787 1206 2852; baseline -0.001 -12"><span class='ocrx_word' id='word_1_284' title='bbox 112 2790 139 2840; x_wconf 81' lang='lat'>3.</span> <span class='ocrx_word' id='word_1_285' title='bbox 155 2789 430 2842; x_wconf 80' lang='lat' dir='ltr'>Lacedaemoniorum:</span> <span class='ocrx_word' id='word_1_286' title='bbox 446 2789 489 2842; x_wconf 91' lang='lat' dir='ltr'>die</span> <span class='ocrx_word' id='word_1_287' title='bbox 506 2789 552 2842; x_wconf 92' lang='lat' dir='ltr'>der</span> <span class='ocrx_word' id='word_1_288' title='bbox 563 2788 670 2852; x_wconf 86' lang='lat' dir='ltr'>Laced,</span> <span class='ocrx_word' id='word_1_289' title='bbox 690 2788 736 2842; x_wconf 86' lang='lat' dir='ltr'>das</span> <span class='ocrx_word' id='word_1_290' title='bbox 753 2790 791 2841; x_wconf 91' lang='lat' dir='ltr'>im</span> <span class='ocrx_word' id='word_1_291' title='bbox 802 2789 955 2842; x_wconf 89' lang='lat' dir='ltr'>Deutsohen</span> <span class='ocrx_word' id='word_1_292' title='bbox 972 2805 1019 2841; x_wconf 89' lang='lat' dir='ltr'>vor</span> <span class='ocrx_word' id='word_1_293' title='bbox 1035 2788 1144 2844; x_wconf 86' lang='lat' dir='ltr'>solchen</span> <span class='ocrx_word' id='word_1_294' title='bbox 1155 2787 1206 2842; x_wconf 87' lang='lat' dir='ltr'>Ge-</span> 
     </span>
     <span class='ocr_line' id='line_1_31' title="bbox 62 2853 1206 2922; baseline 0.001 -16"><span class='ocrx_word' id='word_1_295' title='bbox 62 2853 168 2907; x_wconf 82' lang='lat' dir='ltr'>nitiren</span> <span class='ocrx_word' id='word_1_296' title='bbox 184 2855 536 2922; x_wconf 85' lang='lat' dir='ltr'>uothwendige-Pronomen</span> <span class='ocrx_word' id='word_1_297' title='bbox 553 2856 615 2908; x_wconf 89' lang='lat' dir='ltr'>oder</span> <span class='ocrx_word' id='word_1_298' title='bbox 632 2856 678 2909; x_wconf 89' lang='lat' dir='ltr'>der</span> <span class='ocrx_word' id='word_1_299' title='bbox 690 2856 795 2911; x_wconf 86' lang='lat' dir='ltr'>Artikel</span> <span class='ocrx_word' id='word_1_300' title='bbox 812 2856 879 2908; x_wconf 87' lang='lat' dir='ltr'>wird</span> <span class='ocrx_word' id='word_1_301' title='bbox 896 2856 934 2908; x_wconf 92' lang='lat' dir='ltr'>im</span> <span class='ocrx_word' id='word_1_302' title='bbox 950 2855 1140 2908; x_wconf 88' lang='lat' dir='ltr'>Lateinisehen</span> <span class='ocrx_word' id='word_1_303' title='bbox 1150 2855 1206 2907; x_wconf 90' lang='lat' dir='ltr'>nie·</span> 
     </span>
     <span class='ocr_line' id='line_1_32' title="bbox 61 2919 496 3042; baseline 0 -67"><span class='ocrx_word' id='word_1_304' title='bbox 61 2919 132 2975; x_wconf 83' lang='lat' dir='ltr'>male</span> <span class='ocrx_word' id='word_1_305' title='bbox 148 2920 333 2986; x_wconf 80' lang='lat' dir='ltr'>auegedriiekt.</span> <span class='ocrx_word' id='word_1_306' title='bbox 352 2922 379 2973; x_wconf 88' lang='grc' dir='ltr'>Ζ.</span> <span class='ocrx_word' id='word_1_307' title='bbox 390 2924 421 3042; x_wconf 58' lang='grc' dir='ltr'><strong>ἓ.</strong></span> <span class='ocrx_word' id='word_1_308' title='bbox 441 2925 496 2975; x_wconf 80' lang='lat' dir='ltr'>rot.</span> 
     </span>
    </p>

    <p class='ocr_par' dir='ltr' id='par_1_7' title="bbox 60 2987 1208 3240">
     <span class='ocr_line' id='line_1_33' title="bbox 113 2987 1208 3056; baseline 0.001 -17"><span class='ocrx_word' id='word_1_309' title='bbox 113 2991 139 3040; x_wconf 81' lang='grc'><strong>4.</strong></span> <span class='ocrx_word' id='word_1_310' title='bbox 152 2992 278 3055; x_wconf 80' lang='lat' dir='ltr'>primam,</span> <span class='ocrx_word' id='word_1_311' title='bbox 291 2991 339 3040; x_wconf 82' lang='lat'>411</span> <span class='ocrx_word' id='word_1_312' title='bbox 354 3003 377 3040; x_wconf 86' lang='lat' dir='ltr'>v.</span> <span class='ocrx_word' id='word_1_313' title='bbox 412 2989 465 3051; x_wconf 82' lang='lat' dir='ltr'>hr.;</span> <span class='ocrx_word' id='word_1_314' title='bbox 477 2996 554 3056; x_wconf 88' lang='lat' dir='ltr'>post:</span> <span class='ocrx_word' id='word_1_315' title='bbox 570 2989 600 3040; x_wconf 93' lang='lat' dir='ltr'>iu</span> <span class='ocrx_word' id='word_1_316' title='bbox 611 2988 761 3042; x_wconf 85' lang='lat' dir='ltr'>demselben</span> <span class='ocrx_word' id='word_1_317' title='bbox 772 2988 865 3052; x_wconf 88' lang='lat' dir='ltr'>Jahre;</span> <span class='ocrx_word' id='word_1_318' title='bbox 879 2993 1050 3056; x_wconf 75' lang='lat' dir='ltr'>populiscitu:</span> <span class='ocrx_word' id='word_1_319' title='bbox 1070 2987 1154 3041; x_wconf 90' lang='lat' dir='ltr'>durch</span> <span class='ocrx_word' id='word_1_320' title='bbox 1165 2987 1208 3041; x_wconf 91' lang='lat' dir='ltr'>die</span> 
     </span>
     <span class='ocr_line' id='line_1_34' title="bbox 61 3052 439 3120; baseline 0.003 -14"><span class='ocrx_word' id='word_1_321' title='bbox 61 3052 255 3120; x_wconf 79' lang='lat' dir='ltr'>Abatimmnng</span> <span class='ocrx_word' id='word_1_322' title='bbox 271 3053 317 3107; x_wconf 90' lang='lat' dir='ltr'>des</span> <span class='ocrx_word' id='word_1_323' title='bbox 334 3053 439 3107; x_wconf 87' lang='lat' dir='ltr'>Volkes.</span> 
     </span>
     <span class='ocr_line' id='line_1_35' title="bbox 60 3118 1205 3240; baseline 0 -69"><span class='ocrx_word' id='word_1_324' title='bbox 60 3123 137 3238; x_wconf 57' lang='lat' dir='ltr'>mh.</span> <span class='ocrx_word' id='word_1_325' title='bbox 154 3122 257 3240; x_wconf 52' lang='grc' dir='ltr'><strong>Ηὸἒιιιη</strong></span> <span class='ocrx_word' id='word_1_326' title='bbox 274 3126 301 3173; x_wconf 80' lang='lat' dir='ltr'>ia</span> <span class='ocrx_word' id='word_1_327' title='bbox 318 3125 439 3188; x_wconf 75' lang='lat' dir='ltr'>imperio:</span> <span class='ocrx_word' id='word_1_328' title='bbox 460 3120 584 3173; x_wconf 82' lang='lat' dir='ltr'>wahrend</span> <span class='ocrx_word' id='word_1_329' title='bbox 599 3120 673 3191; x_wconf 86' lang='lat' dir='ltr'>¹diese</span> <span class='ocrx_word' id='word_1_330' title='bbox 690 3120 741 3174; x_wconf 91' lang='lat' dir='ltr'>deu</span> <span class='ocrx_word' id='word_1_331' title='bbox 758 3118 916 3174; x_wconf 87' lang='lat' dir='ltr'>Oberbefehl</span> <span class='ocrx_word' id='word_1_332' title='bbox 936 3119 1060 3184; x_wconf 77' lang='lat' dir='ltr'>filhrten3</span> <span class='ocrx_word' id='word_1_333' title='bbox 1082 3127 1205 3189; x_wconf 83' lang='lat' dir='ltr'>peterent,</span> 
     </span>
    </p>

    <p class='ocr_par' dir='ltr' id='par_1_8' title="bbox 128 3202 237 3238">
     <span class='ocr_line' id='line_1_36' title="bbox 128 3202 237 3238; baseline 0 0"><span class='ocrx_word' id='word_1_334' title='bbox 128 3202 157 3238; x_wconf 90' lang='lat' dir='ltr'>n.</span> <span class='ocrx_word' id='word_1_335' title='bbox 216 3203 237 3238; x_wconf 90' lang='lat' dir='ltr'>r.</span> 
     </span>
    </p>

    <p class='ocr_par' dir='ltr' id='par_1_9' title="bbox 60 3252 1206 3387">
     <span class='ocr_line' id='line_1_37' title="bbox 111 3252 1206 3321; baseline -0.001 -16"><span class='ocrx_word' id='word_1_336' title='bbox 111 3254 136 3305; x_wconf 84' lang='grc'><strong>6.</strong></span> <span class='ocrx_word' id='word_1_337' title='bbox 149 3255 350 3321; x_wconf 45' lang='lat' dir='ltr'>,Hellespontum</span> <span class='ocrx_word' id='word_1_338' title='bbox 360 3277 395 3297; x_wconf 84' lang='lat'><em>=</em></span> <span class='ocrx_word' id='word_1_339' title='bbox 406 3253 448 3306; x_wconf 89' lang='lat' dir='ltr'>die</span> <span class='ocrx_word' id='word_1_340' title='bbox 460 3252 554 3306; x_wconf 77' lang='lat' dir='ltr'>Stadia</span> <span class='ocrx_word' id='word_1_341' title='bbox 565 3269 608 3306; x_wconf 90' lang='lat' dir='ltr'>am</span> <span class='ocrx_word' id='word_1_342' title='bbox 624 3252 673 3316; x_wconf 87' lang='lat' dir='ltr'>H.;</span> <span class='ocrx_word' id='word_1_343' title='bbox 693 3256 782 3316; x_wconf 81' lang='lat' dir='ltr'>Asiae,</span> <span class='ocrx_word' id='word_1_344' title='bbox 801 3269 924 3321; x_wconf 81' lang='lat' dir='ltr'>ungenau</span> <span class='ocrx_word' id='word_1_345' title='bbox 935 3256 970 3306; x_wconf 90' lang='lat' dir='ltr'>st.</span> <span class='ocrx_word' id='word_1_346' title='bbox 989 3252 1037 3305; x_wconf 84' lang='lat' dir='ltr'>auf</span> <span class='ocrx_word' id='word_1_347' title='bbox 1051 3253 1097 3305; x_wconf 90' lang='lat' dir='ltr'>der</span> <span class='ocrx_word' id='word_1_348' title='bbox 1108 3268 1206 3319; x_wconf 83' lang='lat' dir='ltr'>gegan-</span> 
     </span>
     <span class='ocr_line' id='line_1_38' title="bbox 60 3317 1106 3387; baseline -0.001 -16"><span class='ocrx_word' id='word_1_349' title='bbox 60 3317 265 3385; x_wconf 83' lang='lat' dir='ltr'>dberliegendeu</span> <span class='ocrx_word' id='word_1_350' title='bbox 280 3319 451 3373; x_wconf 84' lang='lat' dir='ltr'>thraeischeu</span> <span class='ocrx_word' id='word_1_351' title='bbox 467 3319 551 3380; x_wconf 88' lang='lat' dir='ltr'>Seite;</span> <span class='ocrx_word' id='word_1_352' title='bbox 568 3337 651 3387; x_wconf 82' lang='lat' dir='ltr'>aeque</span> <span class='ocrx_word' id='word_1_353' title='bbox 667 3325 755 3373; x_wconf 81' lang='lat' dir='ltr'>minas</span> <span class='ocrx_word' id='word_1_354' title='bbox 771 3326 884 3374; x_wconf 82' lang='lat' dir='ltr'>multas:</span> <span class='ocrx_word' id='word_1_355' title='bbox 901 3320 967 3373; x_wconf 88' lang='lat' dir='ltr'>eben</span> <span class='ocrx_word' id='word_1_356' title='bbox 984 3335 1013 3372; x_wconf 85' lang='lat' dir='ltr'>eo</span> <span class='ocrx_word' id='word_1_357' title='bbox 1032 3319 1106 3371; x_wconf 90' lang='lat' dir='ltr'>viele.</span> 
     </span>
    </p>

    <p class='ocr_par' dir='ltr' id='par_1_10' title="bbox 111 3384 1207 3454">
     <span class='ocr_line' id='line_1_39' title="bbox 111 3384 1207 3454; baseline -0.002 -16"><span class='ocrx_word' id='word_1_358' title='bbox 111 3388 135 3438; x_wconf 84' lang='lat'>7.</span> <span class='ocrx_word' id='word_1_359' title='bbox 155 3390 309 3454; x_wconf 83' lang='lat' dir='ltr'>locupletato</span> <span class='ocrx_word' id='word_1_360' title='bbox 332 3391 459 3448; x_wconf 78' lang='lat' dir='ltr'>caereale,</span> <span class='ocrx_word' id='word_1_361' title='bbox 481 3391 602 3438; x_wconf 74' lang='lat' dir='ltr'>maeimis</span> <span class='ocrx_word' id='word_1_362' title='bbox 624 3389 703 3439; x_wconf 79' lang='lat' dir='ltr'>rebar</span> <span class='ocrx_word' id='word_1_363' title='bbox 722 3391 802 3454; x_wconf 77' lang='lat' dir='ltr'>pestis</span> <span class='ocrx_word' id='word_1_364' title='bbox 824 3387 891 3439; x_wconf 91' lang='lat' dir='ltr'>ohne</span> <span class='ocrx_word' id='word_1_365' title='bbox 914 3395 946 3448; x_wconf 84' lang='lat' dir='ltr'>et,</span> <span class='ocrx_word' id='word_1_366' title='bbox 969 3385 1081 3438; x_wconf 86' lang='lat' dir='ltr'>welches</span> <span class='ocrx_word' id='word_1_367' title='bbox 1107 3385 1137 3438; x_wconf 89' lang='lat' dir='ltr'>in</span> <span class='ocrx_word' id='word_1_368' title='bbox 1161 3384 1207 3437; x_wconf 88' lang='lat' dir='ltr'>der</span> 
     </span>
    </p>
   </div>
   <div class='ocr_carea' id='block_1_4' title="bbox 60 3449 1009 3528">
    <p class='ocr_par' dir='ltr' id='par_1_11' title="bbox 60 3449 1009 3528">
     <span class='ocr_line' id='line_1_40' title="bbox 60 3449 1009 3528; baseline -0.002 -23"><span class='ocrx_word' id='word_1_369' title='bbox 60 3449 146 3519; x_wconf 81' lang='lat' dir='ltr'>Ragel</span> <span class='ocrx_word' id='word_1_370' title='bbox 160 3453 204 3528; x_wconf 83' lang='lat' dir='ltr'>bei</span> <span class='ocrx_word' id='word_1_371' title='bbox 220 3453 286 3506; x_wconf 85' lang='lat' dir='ltr'>awei</span> <span class='ocrx_word' id='word_1_372' title='bbox 300 3452 361 3504; x_wconf 85' lang='lat' dir='ltr'>Abl.</span> <span class='ocrx_word' id='word_1_373' title='bbox 380 3453 434 3505; x_wconf 88' lang='lat' dir='ltr'>abs.</span> <span class='ocrx_word' id='word_1_374' title='bbox 452 3452 584 3519; x_wconf 77' lang='lat' dir='ltr'>megiallt;</span> <span class='ocrx_word' id='word_1_375' title='bbox 602 3456 663 3506; x_wconf 76' lang='lat' dir='ltr'>Ata.</span> <span class='ocrx_word' id='word_1_376' title='bbox 684 3459 819 3506; x_wconf 74' lang='lat' dir='ltr'>venerata.</span> <span class='ocrx_word' id='word_1_377' title='bbox 838 3456 887 3505; x_wconf 84' lang='lat'>408</span> <span class='ocrx_word' id='word_1_378' title='bbox 904 3469 928 3506; x_wconf 82' lang='grc' dir='ltr'><strong>ι.</strong></span> <span class='ocrx_word' id='word_1_379' title='bbox 948 3451 1009 3506; x_wconf 84' lang='lat' dir='ltr'>chr.</span> 
     </span>
    </p>
   </div>
   <div class='ocr_carea' id='block_1_5' title="bbox 59 3574 1206 3694">
    <p class='ocr_par' dir='ltr' id='par_1_12' title="bbox 59 3574 1206 3694">
     <span class='ocr_line' id='line_1_41' title="bbox 59 3574 1206 3683; baseline 0 -55"><span class='ocrx_word' id='word_1_380' title='bbox 59 3583 122 3683; x_wconf 54' lang='lat' dir='ltr'>(lurp.</span> <span class='ocrx_word' id='word_1_381' title='bbox 134 3583 180 3629; x_wconf 85' lang='lat' dir='ltr'>VI.</span> <span class='ocrx_word' id='word_1_382' title='bbox 194 3574 348 3629; x_wconf 65' lang='lat' dir='ltr'>Alclbln&#39;d&#39;es</span> <span class='ocrx_word' id='word_1_383' title='bbox 362 3585 434 3629; x_wconf 85' lang='lat' dir='ltr'>wlrd</span> <span class='ocrx_word' id='word_1_384' title='bbox 448 3583 491 3628; x_wconf 91' lang='lat' dir='ltr'>bel</span> <span class='ocrx_word' id='word_1_385' title='bbox 505 3585 593 3629; x_wconf 87' lang='lat' dir='ltr'>selner</span> <span class='ocrx_word' id='word_1_386' title='bbox 602 3583 749 3630; x_wconf 85' lang='lat' dir='ltr'>Riiekkehr</span> <span class='ocrx_word' id='word_1_387' title='bbox 762 3585 906 3630; x_wconf 87' lang='lat' dir='ltr'>ehrenvoll</span> <span class='ocrx_word' id='word_1_388' title='bbox 917 3587 1076 3638; x_wconf 77' lang='lat' dir='ltr'>emprangen</span> <span class='ocrx_word' id='word_1_389' title='bbox 1091 3582 1145 3626; x_wconf 84' lang='lat' dir='ltr'>und</span> <span class='ocrx_word' id='word_1_390' title='bbox 1156 3582 1206 3628; x_wconf 83' lang='lat' dir='ltr'>der</span> 
     </span>
     <span class='ocr_line' id='line_1_42' title="bbox 106 3637 699 3694; baseline -0.005 -9"><span class='ocrx_word' id='word_1_391' title='bbox 106 3639 171 3685; x_wconf 81' lang='lat' dir='ltr'>luch</span> <span class='ocrx_word' id='word_1_392' title='bbox 185 3638 234 3682; x_wconf 86' lang='lat' dir='ltr'>der</span> <span class='ocrx_word' id='word_1_393' title='bbox 247 3637 424 3694; x_wconf 78' lang='lat' dir='ltr'>Eumolplden</span> <span class='ocrx_word' id='word_1_394' title='bbox 437 3639 509 3684; x_wconf 88' lang='lat' dir='ltr'>wlrd</span> <span class='ocrx_word' id='word_1_395' title='bbox 523 3639 699 3694; x_wconf 82' lang='lat' dir='ltr'>autgehohen.</span> 
     </span>
    </p>
   </div>
   <div class='ocr_carea' id='block_1_6' title="bbox 10 3706 1206 3908">
    <p class='ocr_par' dir='ltr' id='par_1_13' title="bbox 10 3706 1206 3908">
     <span class='ocr_line' id='line_1_43' title="bbox 10 3706 1155 3790; baseline -0.003 -15"><span class='ocrx_word' id='word_1_396' title='bbox 10 3706 18 3715; x_wconf 37' lang='lat'>&#39;¹</span> <span class='ocrx_word' id='word_1_397' title='bbox 111 3725 134 3775; x_wconf 89' lang='lat'>1.</span> <span class='ocrx_word' id='word_1_398' title='bbox 152 3726 251 3782; x_wconf 82' lang='lat' dir='ltr'>eicitur,</span> <span class='ocrx_word' id='word_1_399' title='bbox 270 3737 291 3774; x_wconf 83' lang='lat' dir='ltr'>s.</span> <span class='ocrx_word' id='word_1_400' title='bbox 307 3721 452 3785; x_wconf 84' lang='lat' dir='ltr'>Wiirterb.;</span> <span class='ocrx_word' id='word_1_401' title='bbox 471 3728 626 3790; x_wconf 73' lang='lat' dir='ltr'>exspectatio</span> <span class='ocrx_word' id='word_1_402' title='bbox 644 3727 752 3784; x_wconf 79' lang='lat' dir='ltr'>visendi,</span> <span class='ocrx_word' id='word_1_403' title='bbox 771 3721 797 3775; x_wconf 91' lang='lat' dir='ltr'>S.</span> <span class='ocrx_word' id='word_1_404' title='bbox 815 3722 839 3790; x_wconf 62' lang='grc' dir='ltr'><strong>ᾗ.</strong></span> <span class='ocrx_word' id='word_1_405' title='bbox 857 3725 912 3774; x_wconf 81' lang='grc'><strong>765.</strong></span> <span class='ocrx_word' id='word_1_406' title='bbox 931 3721 958 3774; x_wconf 89' lang='lat' dir='ltr'>Z.</span> <span class='ocrx_word' id='word_1_407' title='bbox 976 3722 1000 3788; x_wconf 76' lang='lat'>§.</span> <span class='ocrx_word' id='word_1_408' title='bbox 1017 3723 1074 3774; x_wconf 79' lang='grc'><strong>659.</strong></span> <span class='ocrx_word' id='word_1_409' title='bbox 1154 3776 1155 3779; x_wconf 50' lang='lat'>,</span> 
     </span>
     <span class='ocr_line' id='line_1_44' title="bbox 109 3787 1206 3908; baseline -0.001 -65"><span class='ocrx_word' id='word_1_410' title='bbox 109 3791 136 3843; x_wconf 81' lang='grc'><strong>2.</strong></span> <span class='ocrx_word' id='word_1_411' title='bbox 152 3791 197 3842; x_wconf 77' lang='lat' dir='ltr'>Sia</span> <span class='ocrx_word' id='word_1_412' title='bbox 213 3793 282 3841; x_wconf 80' lang='lat' dir='ltr'>enim</span> <span class='ocrx_word' id='word_1_413' title='bbox 294 3793 395 3857; x_wconf 78' lang='lat' dir='ltr'>populo</span> <span class='ocrx_word' id='word_1_414' title='bbox 412 3796 651 3908; x_wconf 50' lang='lat' dir='ltr'>eratgoersaasum:</span> <span class='ocrx_word' id='word_1_415' title='bbox 668 3787 754 3842; x_wconf 79' lang='lat' dir='ltr'>daron</span> <span class='ocrx_word' id='word_1_416' title='bbox 766 3805 821 3841; x_wconf 90' lang='lat' dir='ltr'>war</span> <span class='ocrx_word' id='word_1_417' title='bbox 832 3788 879 3841; x_wconf 85' lang='lat' dir='ltr'>das</span> <span class='ocrx_word' id='word_1_418' title='bbox 891 3788 961 3840; x_wconf 83' lang='lat' dir='ltr'>Vollr</span> <span class='ocrx_word' id='word_1_419' title='bbox 971 3788 1131 3855; x_wconf 82' lang='lat' dir='ltr'>iiberzeugt3</span> <span class='ocrx_word' id='word_1_420' title='bbox 1148 3795 1206 3843; x_wconf 82' lang='lat' dir='ltr'>cias</span> 
     </span>
    </p>
   </div>
   <div class='ocr_carea' id='block_1_7' title="bbox 10 3853 1207 4169">
    <p class='ocr_par' dir='ltr' id='par_1_14' title="bbox 121 3853 1206 3922">
     <span class='ocr_line' id='line_1_45' title="bbox 121 3853 1206 3922; baseline 0.001 -14"><span class='ocrx_word' id='word_1_421' title='bbox 121 3872 147 3918; x_wconf 84' lang='lat' dir='ltr'>a,</span> <span class='ocrx_word' id='word_1_422' title='bbox 172 3853 262 3907; x_wconf 72' lang='lat' dir='ltr'>erhilt</span> <span class='ocrx_word' id='word_1_423' title='bbox 279 3855 363 3908; x_wconf 86' lang='lat' dir='ltr'>durch</span> <span class='ocrx_word' id='word_1_424' title='bbox 384 3857 456 3908; x_wconf 86' lang='lat' dir='ltr'>seine</span> <span class='ocrx_word' id='word_1_425' title='bbox 493 3855 598 3922; x_wconf 86' lang='lat' dir='ltr'>tellung</span> <span class='ocrx_word' id='word_1_426' title='bbox 618 3854 764 3909; x_wconf 84' lang='lat' dir='ltr'>besondern</span> <span class='ocrx_word' id='word_1_427' title='bbox 781 3854 954 3908; x_wconf 83' lang='lat' dir='ltr'>Naohdruolr:</span> <span class='ocrx_word' id='word_1_428' title='bbox 977 3869 1028 3906; x_wconf 90' lang='lat' dir='ltr'>nur</span> <span class='ocrx_word' id='word_1_429' title='bbox 1051 3854 1134 3908; x_wconf 85' lang='lat' dir='ltr'>durch</span> <span class='ocrx_word' id='word_1_430' title='bbox 1150 3856 1206 3919; x_wconf 85' lang='lat' dir='ltr'>ihu,</span> 
     </span>
    </p>

    <p class='ocr_par' dir='ltr' id='par_1_15' title="bbox 10 3920 1207 4169">
     <span class='ocr_line' id='line_1_46' title="bbox 48 3920 1206 3990; baseline 0.001 -17"><span class='ocrx_word' id='word_1_431' title='bbox 48 3954 51 3959; x_wconf 90' lang='lat'>-</span> <span class='ocrx_word' id='word_1_432' title='bbox 79 3922 128 3990; x_wconf 75' lang='lat'>.§.</span> <span class='ocrx_word' id='word_1_433' title='bbox 146 3924 205 3974; x_wconf 78' lang='grc'><strong>507.</strong></span> <span class='ocrx_word' id='word_1_434' title='bbox 223 3920 251 3974; x_wconf 84' lang='grc' dir='ltr'><strong>Ζ.</strong></span> <span class='ocrx_word' id='word_1_435' title='bbox 269 3922 292 3989; x_wconf 81' lang='lat'>§.</span> <span class='ocrx_word' id='word_1_436' title='bbox 309 3925 358 3974; x_wconf 81' lang='lat'>455</span> <span class='ocrx_word' id='word_1_437' title='bbox 376 3922 467 3986; x_wconf 88' lang='lat' dir='ltr'>Anm.;</span> <span class='ocrx_word' id='word_1_438' title='bbox 486 3929 619 3981; x_wconf 77' lang='lat' dir='ltr'>amissum,</span> <span class='ocrx_word' id='word_1_439' title='bbox 638 3921 729 3975; x_wconf 87' lang='lat' dir='ltr'>Subst.</span> <span class='ocrx_word' id='word_1_440' title='bbox 747 3937 807 3975; x_wconf 86' lang='lat' dir='ltr'>vom</span> <span class='ocrx_word' id='word_1_441' title='bbox 824 3921 902 3973; x_wconf 86' lang='lat' dir='ltr'>Nom.</span> <span class='ocrx_word' id='word_1_442' title='bbox 924 3926 1045 3983; x_wconf 82' lang='lat' dir='ltr'>amissas,</span> <span class='ocrx_word' id='word_1_443' title='bbox 1064 3938 1115 3974; x_wconf 90' lang='lat' dir='ltr'>uur</span> <span class='ocrx_word' id='word_1_444' title='bbox 1134 3923 1206 3976; x_wconf 86' lang='lat' dir='ltr'>hier:</span> 
     </span>
     <span class='ocr_line' id='line_1_47' title="bbox 13 3987 1207 4106; baseline 0 -64"><span class='ocrx_word' id='word_1_445' title='bbox 13 3993 17 3998; x_wconf 86' lang='lat'>&#39;</span> <span class='ocrx_word' id='word_1_446' title='bbox 54 3995 200 4106; x_wconf 56' lang='lat' dir='ltr'>poetgaam</span> <span class='ocrx_word' id='word_1_447' title='bbox 216 4017 251 4026; x_wconf 81' lang='lat'>-</span> <span class='ocrx_word' id='word_1_448' title='bbox 268 3995 391 4056; x_wconf 81' lang='lat' dir='ltr'>coeperat,</span> <span class='ocrx_word' id='word_1_449' title='bbox 410 3989 475 4041; x_wconf 85' lang='lat' dir='ltr'>Plus</span> <span class='ocrx_word' id='word_1_450' title='bbox 495 4029 501 4041; x_wconf 92' lang='lat'><em>.</em></span> <span class='ocrx_word' id='word_1_451' title='bbox 517 4005 608 4055; x_wconf 85' lang='lat' dir='ltr'>wegen</span> <span class='ocrx_word' id='word_1_452' title='bbox 620 3988 665 4041; x_wconf 85' lang='lat' dir='ltr'>des</span> <span class='ocrx_word' id='word_1_453' title='bbox 677 3987 768 4056; x_wconf 87' lang='lat' dir='ltr'>Plusq.</span> <span class='ocrx_word' id='word_1_454' title='bbox 781 3989 819 4040; x_wconf 91' lang='lat' dir='ltr'>im</span> <span class='ocrx_word' id='word_1_455' title='bbox 830 3987 989 4055; x_wconf 89' lang='lat' dir='ltr'>Hauptsatz,</span> <span class='ocrx_word' id='word_1_456' title='bbox 1007 3987 1034 4041; x_wconf 87' lang='grc' dir='ltr'><strong>Ζ.</strong></span> <span class='ocrx_word' id='word_1_457' title='bbox 1047 3990 1070 4055; x_wconf 66' lang='grc' dir='ltr'><strong>ξ.</strong></span> <span class='ocrx_word' id='word_1_458' title='bbox 1084 3992 1131 4041; x_wconf 84' lang='grc'>506</span> <span class='ocrx_word' id='word_1_459' title='bbox 1145 4005 1170 4042; x_wconf 91' lang='lat' dir='ltr'>u.</span> <span class='ocrx_word' id='word_1_460' title='bbox 1184 3995 1207 4042; x_wconf 83' lang='lat'>7.</span> 
     </span>
     <span class='ocr_line' id='line_1_48' title="bbox 10 4144 19 4169; baseline 0 0"><span class='ocrx_word' id='word_1_461' title='bbox 10 4144 19 4169; x_wconf 63' lang='grc' dir='ltr'>δ</span> 
     </span>
    </p>
   </div>
   <div class='ocr_carea' id='block_1_8' title="bbox 154 4053 1297 4127">
    <p class='ocr_par' dir='ltr' id='par_1_16' title="bbox 154 4053 1297 4127">
     <span class='ocr_line' id='line_1_49' title="bbox 154 4053 1297 4127; baseline -0.005 -18"><span class='ocrx_word' id='word_1_462' title='bbox 154 4058 254 4109; x_wconf 80' lang='lat' dir='ltr'>aaronis</span> <span class='ocrx_word' id='word_1_463' title='bbox 273 4059 389 4127; x_wconf 71' lang='lat' dir='ltr'>laureis:</span> <span class='ocrx_word' id='word_1_464' title='bbox 406 4055 453 4109; x_wconf 90' lang='lat' dir='ltr'>der</span> <span class='ocrx_word' id='word_1_465' title='bbox 492 4056 544 4108; x_wconf 86' lang='lat' dir='ltr'>reis</span> <span class='ocrx_word' id='word_1_466' title='bbox 561 4056 605 4108; x_wconf 87' lang='lat' dir='ltr'>bei</span> <span class='ocrx_word' id='word_1_467' title='bbox 622 4055 673 4108; x_wconf 89' lang='lat' dir='ltr'>den</span> <span class='ocrx_word' id='word_1_468' title='bbox 690 4054 787 4122; x_wconf 90' lang='lat' dir='ltr'>olymp.</span> <span class='ocrx_word' id='word_1_469' title='bbox 805 4053 910 4122; x_wconf 88' lang='lat' dir='ltr'>Spielen</span> <span class='ocrx_word' id='word_1_470' title='bbox 927 4069 983 4106; x_wconf 87' lang='lat' dir='ltr'>war</span> <span class='ocrx_word' id='word_1_471' title='bbox 999 4055 1046 4106; x_wconf 86' lang='lat' dir='ltr'>ein</span> <span class='ocrx_word' id='word_1_472' title='bbox 1056 4055 1219 4108; x_wconf 59' lang='lat' dir='ltr'>&amp;emersu</span> <span class='ocrx_word' id='word_1_473' title='bbox 1293 4121 1297 4127; x_wconf 24' lang='grc' dir='ltr'>Ι</span> 
     </span>
    </p>
   </div>
   <div class='ocr_carea' id='block_1_9' title="bbox 0 0 1346 4478">
    <p class='ocr_par' dir='ltr' id='par_1_17' title="bbox 0 0 1346 4478">
     <span class='ocr_line' id='line_1_50' title="bbox 0 0 1346 4478; baseline 0 0"><span class='ocrx_word' id='word_1_474' title='bbox 0 0 1346 4478; x_wconf 95' lang='lat' dir='ltr'> </span> 
     </span>
    </p>
   </div>
  </div>
 </body>
</html>
