2684 4478
152 240 197 296 ce
295 201 297 206 ’
573 236 649 299 ιιι.
682 238 870 298 orrrrns.

151 419 293 479 infinitum
304 420 439 478 adversus
451 430 547 491 regem
556 419 721 493 suscepisse
734 420 846 492 bellum,
862 436 927 480 cum
940 418 1027 478 nihilo
1041 418 1140 492 magis,
1156 411 1196 479 ue
1209 436 1298 494 quam

151 500 339 577 suspicionem
359 501 401 561 illi
420 503 568 576 praeberet
587 502 762 573 insidiarum,
783 520 875 578 neque
896 502 1064 576 colloquium
1093 503 1154 562 eius
1179 502 1301 576 petiuit,

151 604 245 660 neque
261 585 292 643 in
307 586 489 659 conspectum
503 585 599 644 venne
613 585 731 644 studuit.
767 585 814 644 Sic
829 588 931 645 absens
945 584 1097 644 amicitiam
1111 586 1240 659 gerebat,
1260 589 1302 647 nt

52 725 55 728 .
105 687 107 691 ¹
151 686 209 728 nou
237 666 380 728 beneficiis
409 664 524 738 mutuis,
553 669 602 727 sed
626 668 767 727 communi
793 669 863 741 odio,
893 657 967 743 qirod
987 684 1056 741 erga
1075 684 1171 742 regem
1193 685 1293 728 susce

151 753 262 828 perant,
285 749 424 810 contineri
444 748 614 811 viderentur.
1295 748 1298 753 '

103 825 140 901 11
209 835 244 893 Id
258 851 322 893 cum
337 832 408 892 satis
422 850 453 892 se
469 833 649 893 confimasse
663 833 817 894 arbitratus
829 837 881 905 est,
898 834 1045 894 certiorem
1059 832 1129 892 facit
1139 833 1291 909 Datamen,

151 920 263 992 tempus
277 934 348 988 esse,
363 915 483 975 maiores
498 917 637 976 exercitus
651 902 747 991 para'ri
762 920 791 976 et
804 917 908 976 bellum
921 934 986 976 cum
1005 915 1067 990 ipso
1086 932 1154 989 rege
1172 915 1290 991 suscipi,

152 1000 240 1074 deque
261 1018 295 1059 ea
315 1017 355 1071 re,
377 998 403 1058 si
423 998 449 1057 ei
469 998 619 1071 videretur,
646 1016 701 1075 quo
719 1000 782 1058 loco
803 1001 896 1071 uellet,
922 1000 954 1058 in
979 999 1147 1073 colloquium
1170 994 1292 1058 renuet}

151 1086 278 1143 Probata
296 1100 337 1152 re,
361 1081 536 1156 colloquendi
554 1082 806 1157 tempus'snmitur
832 1083 974 1157 locusque,
1001 1098 1056 1156 quo
1082 1080 1294 1141 conveniretur.-

103 1171 121 1227 2
151 1168 216 1225 Huc
230 1165 408 1224 Mithridates
430 1182 493 1223 cum
505 1181 572 1236 uno,
589 1164 635 1224 cui
654 1164 773 1224 maxime
786 1166 909 1225 habebat
922 1166 1012 1237 fidem,
1029 1167 1095 1224 ante
1109 1163 1219 1238 aliquot
1231 1162 1293 1225 dies

151 1250 229 1309 venit
250 1247 494 1324 compluribusque
507 1248 578 1308 locis
592 1248 745 1322 separatim
758 1249 866 1322 gladios
882 1249 974 1307 obruit
989 1265 1076 1323 eaque
1092 1249 1157 1307 loca
1169 1247 1300 1321 diligen·-

151 1336 195 1392 ter
221 1334 312 1391 notat.
348 1332 414 1406 Ipso
434 1333 528 1390 autem
555 1331 687 1405 colloquii
710 1331 754 1391 die
779 1331 900 1405 utrique,
926 1333 1019 1390 locum
1039 1330 1087 1404 qui
1112 1331 1293 1405 explorarent

104 1419 121 1475 5}
153 1419 237 1490 abque
250 1415 328 1488 ipsos
342 1416 546 1485 scrutarentur,
568 1414 700 1486 mittuut3
721 1413 819 1473 deinde
833 1414 887 1489 ipsi
901 1416 968 1474 sunt
982 1414 1136 1488 congressi.
1156 1413 1214 1472 Hic
1227 1428 1292 1472 cum

152 1498 322 1572 aliquamdiu
342 1497 373 1555 in
394 1498 530 1570 colloquio
551 1497 673 1557 firmsent
693 1500 723 1557 et
736 1497 845 1557 diverse
858 1497 1055 1558 discessissent
1068 1497 1179 1570 iamque
1192 1496 1294 1571 procul

151 1584 286 1641 Datames
299 1581 420 1650 abesset,
442 1579 628 1651 Mithridates,
651 1580 815 1654 priusquam
829 1581 863 1639 ad
878 1597 946 1639 suos
959 1580 1127 1655 perveniret,
1150 1597 1187 1639 no
1207 1595 1293 1652 quern

153 1665 339 1739 suspicionem
353 1665 476 1737 pareret,
496 1663 527 1720 in
549 1664 772 1723 eundem-locum
784 1664 945 1735 revertitur,
968 1666 1053 1738 atque
1066 1663 1114 1734 ibi,
1137 1662 1187 1721 ubi
1203 1663 1293 1721 telum

153 1750 215 1806 erat
235 1746 380 1816 infossum,
407 1745 519 1816 resedit,
545 1747 579 1804 ut
603 1746 628 1804 si
653 1746 819 1806 lassitudine
844 1749 960 1821 cuperet
985 1746 1171 1820 acquiescere,
1200 1744 1294 1805 Date·

38 1842 41 1846 ’
103 1833 124 1891 4
151 1847 270 1903 memque
297 1827 448 1898 revocavit,
478 1827 622 1901 simulans,
654 1847 686 1888 se
710 1829 839 1902 quiddam
863 1828 894 1888 in
920 1828 1056 1903 colloquio
1083 1846 1145 1888 esse
1163 1828 1292 1887 oblitum

152 1913 270 1971 Interim
289 1912 386 1980 telum,
409 1909 483 1984 quod
503 1912 619 1983 latebat,
642 1912 762 1985 protulit
781 1913 971 1987 nudatumque
992 1912 1096 1985 vagina
1120 1913 1200 1971 veste
1220 1910 1297 1971 texit

153 2013 187 2054 ac
207 1995 321 2053 Datami
340 1992 465 2052 uenienti
485 1994 541 2052 ait:
564 1994 765 2069 digredientem
786 2013 816 2054 se
837 1995 1067 2055 animadvertisse
1086 1996 1180 2053 locum
1203 2010 1293 2068 quen-

104 2083 122 2140 5
152 2080 225 2150 daur,
247 2078 379 2152 quierat
399 2076 430 2134 in
451 2080 614 2152 conspectu,
637 2079 673 2136 ad
694 2081 790 2137 castra
803 2079 932 2153 ponenda
952 2096 1014 2138 esse
1028 2079 1168 2137 idoneum.
1204 2077 1293 2148 Quem

153 2180 216 2220 oum
241 2159 330 2234 digito
355 2160 559 2219 demonstraret
589 2163 617 2220 et
641 2161 689 2220 ille
708 2162 870 2236 respiceret,
897 2178 1028 2221 aversum
1043 2156 1118 2220 ferro
1138 2159 1292 2230 mansfixib,

152 2245 295 2320 priusque,
318 2260 402 2318 quam
414 2243 562 2317 quisquam
575 2247 672 2319 posset
686 2256 859 2319 succurrere,
880 2242 1032 2303 interiecit.
1055 2245 1102 2303 Ita
1114 2244 1164 2303 ille
1176 2244 1231 2315 vir,
1245 2242 1294 2321 qui

152 2329 256 2387 multos
270 2326 396 2398 consilio,
412 2325 550 2386 neminem
563 2327 681 2402 perfidia
693 2331 818 2401 ceperat,
834 2327 968 2387 simulata
982 2330 1084 2401 captus
1098 2330 1142 2411 est
1157 2326 1292 2385 arnicdia

153 2503 283 2604 οιῖιιιιόἑῐά
296 2503 471 2605 &dmum
484 2504 560 2550 latet
570 2505 623 2573 den
636 2505 761 2550 Datames
773 2514 808 2550 nu
821 2504 897 2551 muer
910 2504 1103 2558 nuremberg
1123 2503 1166 2548 eln
1179 2502 1235 2547 und
1252 2504 1295 2546 ab·

205 2657 421 2722 1.1a,uamlieh
443 2673 530 2724 gagen
551 2656 603 2709 den
623 2656 713 2724 Konig
733 2656 783 2709 den
798 2657 883 2725 Krieg
904 2673 937 2710 zu
957 2656 1161 2719 nnternehmon;
1184 2673 1246 2711 oren
1261 2687 1295 2697 —

153 2729 298 2783 arbitratae
310 2731 348 2777 est
352 2745 363 2792 ,-
379 2723 420 2788 da,
441 2724 481 2776 als
493 2722 539 2776 dor
550 2722 695 2801 Zeitpunkt
711 2723 877 2793 eingetreten
887 2739 954 2786 war;
971 2730 1073 2790 tempas
1084 2738 1138 2777 eoae
1148 2752 1183 2760 -
1188 2729 1295 2791 parcet,

153 2790 291 2845 nicht'der
308 2790 417 2845 Genitiv
434 2789 480 2843 des
498 2787 634 2852 Gerunda,
656 2789 718 2842 weil
733 2796 745 2842 t
802 2808 836 2856 ne
852 2808 908 2844 esse
925 2789 1051 2853 Pradicat
1067 2789 1105 2842 ist
1122 2804 1155 2842 au
1172 2789 1232 2843 dem
1248 2788 1295 2842 ln-

153 2858 251 2921 finitiu,
266 2861 363 2923 parare·
377 2886 410 2894 —
427 2850 547 2923 Subject3
564 2871 626 2909 man
647 2855 722 2922 fragt
736 2856 776 2909 als
811 2872 848 2909 nn
864 2856 954 2910 nicht:
975 2871 1029 2909 was
1047 2854 1090 2907 fiir
1107 2855 1159 2920 ein,
1180 2852 1295 2909 sondern

112 2955 116 2963 ·
151 2940 214 2988 was,
233 2923 260 2976 S.
277 2924 301 2990 ᾗ.
318 2924 375 2976 767.
393 2920 422 2974 Ζ.
455 2960 462 2975 .
480 2925 540 2984 598;
567 2926 594 2975 ιι·
608 2927 635 2975 es'
648 2927 796 2976 amentor:
812 2939 890 2976 wenn
906 2939 934 2976 es
951 2921 1008 2975 ibrn
1024 2921 1152 2985 tenebre,
1175 2926 1204 2975 e'n
1219 2927 1296 2977 eollo·

152 2996 246 3108 qncl'olotoge
262 2988 418 3123 ogengrctgffi3
470 3004 519 3043 ona
536 2989 561 3052 d,
573 2991 602 3052 b;
620 3004 672 3056 qno
684 2993 870 3052 conveniretur,
887 3005 928 3042 uro
942 3004 1005 3041 man
1022 2988 1296 3043 zusammenkommen
1314 2994 1317 2999 '

152 3073 191 3109 wo
243 3095 248 3119 ,
287 3095 293 3108 .
327 3095 333 3108 .
419 3094 425 3107 .
870 3112 873 3117 Δ
1187 3090 1190 3094 -
1288 3080 1297 3104 .·

203 3126 226 3175 2.
242 3127 354 3174 monim
369 3124 476 3174 babebat
484 3115 580 3188 fidem
601 3122 692 3174 labne
701 3124 781 3189 fidem
798 3120 838 3174 als
855 3121 907 3174 ein
922 3120 1030 3188 Begriff,
1049 3123 1125 3172 sonet
1140 3125 1295 3185 necarem

152 3195 211 3242 ente
226 3193 325 3254 aliquot
342 3191 405 3251 dics,
422 3186 601 3254 gewdhnlich:
627 3191 728 3254 aliquot
750 3189 840 3241 diebus
857 3194 937 3250 onte,·'
954 3192 1012 3241 ntro·
1028 3204 1062 3240 no
1083 3185 1129 3238 dor
1147 3186 1221 3239 Plnr.
1246 3198 1296 3241 m

152 3255 217 3309 uwel
232 3253 380 3331 Einuelnen
396 3255 435 3307 ist
450 3254 548 3317 saltem
570 3259 649 3322 speon,
674 3254 707 3306 ob
729 3269 763 3306 an
784 3253 866 3306 ihnen
885 3253 976 3307 nichts
996 3205 1188 3318 lderdlichtiges
1209 3255 1296 3325 wshrf

153 3321 300 3377 zuuehmon
315 3335 368 3383 se1;
385 3325 441 3388 qni,
459 3321 486 3374 S.
503 3322 526 3388 ξ.
544 3323 600 3372 631.
1270 3356 1274 3361 -

204 3392 227 3441 3.
245 3393 346 3441 diverse
356 3412 391 3431 =
401 3392 429 3440 ln
446 3392 564 3448 diversor
580 3404 612 3440 ne
628 3403 710 3453 qnam
732 3391 903 3453 suspicionem
915 3393 1034 3453 pareret:
1050 3401 1096 3438 um
1116 3386 1214 3439 kainon
1231 3387 1297 3440 Ver-

152 3453 237 3575 drght‘
249 3470 282 3507 uu
298 3469 355 3574 offe
388 3470 407 3506 ιι
425 3452 497 3521 (dass
513 3469 542 3505 er
558 3456 627 3506 etus
642 3451 746 3505 Waffen
762 3450 855 3519 geholt
872 3450 935 3504 oder
951 3455 1019 3505 etwa
1029 3452 1081 3504 mit
1097 3451 1178 3504 ihnen
1196 3450 1296 3507 Vereb-

152 3537 180 3574 re
199 3537 234 3574 nu
331 3537 346 3572 o
367 3537 420 3573 en.
910 3562 915 3572 .

202 3522 441 3641 tgdigeedr'entedn:
462 3585 533 3637 bcim
554 3583 823 3650 Auseiuaudergehen
840 3582 908 3636 habe
925 3599 954 3636 er
975 3602 1021 3649 -3
1046 3588 1095 3651 qni
1114 3590 1171 3636 erar
1193 3588 1223 3637 o'n
1239 3600 1297 3640 oon·

152 3661 251 3722 speetu,
270 3606 440 3720 ffimerlrung
456 3651 502 3704 des
519 3650 734 3705 Schriitstellers.
