2684 4478
30 198 32 202 ’
77 269 79 274 .
127 218 195 275 cs·
259 223 262 228 ·
507 217 567 277 xv.
610 216 897 280 urnumouols.

125 414 216 471 neque
237 397 331 457 minus
354 398 508 458 concinnus
530 399 560 457 in
581 399 721 458 brevitate
747 399 942 473 respondendi,
969 415 1054 473 quam
1079 396 1111 455 in
1135 400 1274 472 perpetua

84 483 104 542 2
128 480 256 540 oratione
278 484 404 540 ornatus.
426 483 537 541 Habuit
559 483 776 541 obtrectatorem
795 482 978 542 Meneclidam
999 480 1138 555 quendam
1151 479 1274 559 indidem

13 560 16 565 ’
126 563 229 623 huobis
251 567 281 624 et
300 564 492 624 adversarium
512 565 543 624 in
564 564 786 624 administranda
806 565 962 639 republica,
988 563 1060 623 satis
1074 562 1274 635 ⁴exercitatum

24 668 36 688 ν
126 647 157 705 in
177 646 302 719 dicende,
325 651 359 706 ut
373 649 538 707 Thebanum
552 648 679 708 scilicet:
701 665 821 721 namque
838 648 880 706 illi
895 646 975 722 genti
994 648 1059 721 plus
1080 645 1156 705 inest
1169 646 1274 705 virium

85 732 107 790 3‘
126 746 211 803 quam
230 729 346 804 ingenii.
389 732 428 802 Is,
452 731 526 804 quod
547 731 577 789 in
598 749 630 790 re
650 730 766 788 militari
787 732 888 790 florere
907 729 1130 805 Epaminondam
1148 729 1271 800 videbat,

126 813 235 871 hortari
255 815 364 872 solebat
378 815 535 884 Thebanos,
558 817 592 872 ut
612 831 711 887 pacem
730 814 802 872 bello
825 813 1007 884 anteferrent,
1030 830 1067 871 ne
1086 811 1165 870 illius
1183 812 1273 886 impe-

125 895 229 955 ratoris
251 913 337 970 opera
359 896 575 956 desideraretur.
597 896 743 967 Humilia,
765 897 862 968 Fallis,
885 896 986 969 inquit,
1007 896 1093 955 verbo
1111 894 1181 954 civis
1196 899 1271 966 tuos,

20 1026 23 1033 ,
84 982 105 1038 4
126 979 200 1051 quod
214 980 266 1039 hos
281 979 385 1055 abello
401 996 533 1038 revocas:
557 979 608 1038 otii
623 979 697 1038 enim
710 979 823 1038 nomine
838 979 1002 1038 seruitutem
1023 976 1168 1037 concilias.
1198 979 1274 1037 Nam

126 1062 237 1135 paritur
258 1079 313 1136 pax
333 1062 416 1120 bello.
443 1063 544 1135 Itaque
564 1063 614 1136 qui
635 1080 669 1120 ea
690 1060 800 1120 diutina
821 1064 920 1121 volunt
940 1061 1006 1132 frui,
1029 1061 1102 1120 bello
1124 1060 1273 1120 exercitati

127 1161 188 1204 esse
211 1145 322 1203 debent.
350 1143 443 1215 Quare
467 1144 492 1204 si
512 1144 654 1219 principes
669 1145 806 1204 Graeciae
819 1144 906 1204 uultis
921 1162 992 1216 esse,
1016 1142 1119 1203 castris
1134 1146 1178 1202 est
1191 1144 1273 1202 uobis

85 1231 103 1286 5
126 1227 270 1299 utendum,
292 1244 350 1286 non
369 1229 523 1300 palaestra.
545 1229 623 1286 Idem
637 1229 683 1286 ille
698 1226 867 1286 Meneclides
883 1245 947 1286 cum
959 1227 1026 1286 huic
1042 1226 1175 1297 obiceret,
1199 1227 1274 1300 quod

125 1309 230 1369 liberos
250 1326 308 1369 non
328 1311 445 1369 haberet
465 1328 557 1385 neque
584 1327 700 1370 uxorem
725 1310 858 1382 duxisset,
886 1310 1060 1382 maximeque
1080 1309 1271 1380 insolentiam,

125 1393 201 1466 quod
221 1393 276 1452 sibi
295 1393 516 1467 Agamemnonis
537 1394 604 1453 belli
623 1392 742 1467 gloriam
762 1393 904 1453 videretur
926 1394 1110 1469 consecutus:
1136 1392 1186 1463 At,
1216 1391 1272 1462 ille,

26 1474 29 1479 ’
127 1475 230 1548 desine,
253 1476 355 1550 inquit,
376 1476 542 1547 Meneclida‚
570 1478 603 1538 de
624 1492 711 1535 uxore
731 1475 800 1534 mihi
821 1477 1004 1551 exprobrare:
1026 1492 1093 1533 nam
1113 1473 1222 1534 nullius
1244 1474 1274 1533 in

127 1557 184 1616 ista
203 1577 235 1618 re
256 1560 349 1618 minus
363 1559 408 1617 uti
422 1559 539 1618 consilio
553 1562 627 1619 uolo.
651 1559 795 1636 (Habebat
809 1559 884 1619 enim
897 1558 1066 1617 Meneclides
1081 1556 1274 1631 suspicionem

49 1648 51 1652 ‘
86 1644 105 1700 6
127 1641 269 1714 adulteri.)
312 1641 392 1712 Quod
418 1644 513 1701 autem
537 1661 582 1703 me
600 1643 841 1716 Agamemnonem
870 1640 1006 1700 aemulari
1032 1643 1126 1715 putas,
1153 1639 1273 1700 falleris

124 1723 254 1797 Namque
268 1725 315 1783 ille
330 1742 393 1782 cum
414 1725 547 1784 universa
561 1725 683 1786 Graecia
696 1724 743 1783 vix
757 1724 853 1784 decem
867 1723 951 1783 annis
965 1740 1053 1782 unam
1069 1723 1144 1798 cepit
1158 1724 1273 1794 urbem;

127 1823 179 1879 ego
202 1808 302 1865 contra
324 1824 357 1866 ea
377 1824 435 1865 una
456 1808 527 1866 urbe
541 1811 641 1868 nostra
655 1807 753 1881 dicque
768 1824 826 1866 uno
841 1809 931 1865 totam
946 1806 1103 1877 Graeciam,
1125 1807 1272 1865 Lacedae-

125 1889 228 1948 moniis
248 1889 365 1963 iugatis,
387 1889 513 1948 liberavi.

16 1999 18 2002 ·
85 1969 109 2038 6
187 1972 266 2031 Idem
286 1990 349 2031 cum
369 1972 400 2031 in
421 1975 590 2032 conventum
609 1971 734 2031 venisset
746 1973 898 2044 Arcadum,
922 1974 1030 2046 petens,
1053 1974 1086 2029 ut
1107 1970 1274 2030 societatem

128 2062 192 2116 cum
213 2055 354 2115 Thebanis
376 2058 405 2114 et
424 2055 540 2128 Argivis
561 2055 698 2127 facerent,
720 2058 874 2128 contraque
895 2054 1084 2126 Callistratus,
1113 2054 1273 2122 Athenien-

7 2208 11 2214 ,
125 2137 199 2198 sium
212 2140 334 2212 legatus,
357 2137 406 2212 qui
421 2139 581 2212 eloquentia
597 2154 692 2215 omnes
714 2154 746 2197 eo
767 2139 934 2212 praestabat
947 2140 1082 2212 tempore,
1098 2138 1271 2211 postularet,

127 2224 160 2281 ut
179 2221 275 2296 potius
297 2221 450 2280 amicitiam
471 2224 656 2295 sequerentur
668 2220 839 2292 Atticorum,
862 2223 891 2279 et
911 2221 941 2279 in
959 2219 1087 2280 oratione
1109 2237 1163 2279 sua
1175 2221 1274 2279 'multa

127 2304 256 2365 invectus
278 2307 353 2364 esset
374 2305 405 2363 in
425 2305 574 2363 Thebanos
597 2306 625 2363 et
645 2304 768 2377 Argivos
789 2304 820 2363 in
841 2304 936 2377 eisque
956 2305 1010 2362 hoc
1031 2302 1183 2376 posuisset,
1209 2303 1273 2362 ani·

84 2389 105 2449 2
126 2405 203 2447 mum
228 2389 374 2448 advertere
402 2389 502 2447 debere
527 2387 669 2458 Arcadas,
702 2386 794 2460 qualis
825 2389 946 2462 utraque
974 2385 1075 2446 civitas
1107 2384 1176 2444 ciris
1206 2401 1274 2459 pro-

127 2474 261 2543 creasset,
285 2489 318 2530 ex
340 2471 497 2545 quibusda
520 2471 623 2530 ceteris
644 2473 761 2545 possent
781 2469 920 2528 iudicare:
945 2470 1067 2543 Argivos
1089 2468 1164 2528 enim
1184 2468 1274 2528 trisse

178 2701 201 2750 2.
219 2704 247 2752 ia
264 2701 469 2751 administranda
487 2699 629 2766 republica,
645 2697 673 2750 Z.
686 2697 709 2765 §-
727 2698 789 2761 6373
807 2703 839 2750 at
856 2699 1020 2750 lbebaaam:
1036 2695 1087 2748 wic
1102 2710 1166 2748 man
1181 2710 1210 2747 es
1222 2709 1276 2747 von

81 2828 85 2832 ,
129 2765 216 2818 einem
232 2763 371 2817 Thebaner
387 2765 517 2816 erwarten
531 2763 615 2826 lenm
634 2768 744 2816 scilicet:
760 2762 881 2816 vemteht
897 2762 962 2826 sich,
979 2759 1104 2814 ironisch.
1230 2824 1235 2833 ι

32 2870 36 2879 .
177 2834 294 2964 3.Ζ111ἐ’(ι(
304 2835 469 2948 {claperatoric
481 2847 565 2897 opera
584 2830 624 2882 als
636 2829 757 2893 Felherr3
775 2834 851 2897 qaod,
869 2845 924 2885 was
935 2827 1047 2892 bctrifft,
1057 2827 1126 2891 dass,
1139 2826 1167 2880 Z.
1180 2827 1202 2894 ξ.
1216 2827 1275 2879 627.

128 2901 179 2959 otii,
221 2937 226 2947 .
262 2901 302 2949 ,4
337 2937 343 2950 .
1013 2901 1015 2904 ⁴

177 2967 201 3015 4.
221 2968 332 3025 diutina,
351 2961 477 3016 Pradicat
491 2987 526 3008 ==
543 2960 630 3029 lange.
649 2963 744 3024 Qaara,
762 2961 849 3015 demit
864 2962 969 3015 wendet
985 2977 1014 3014 er
1030 2960 1135 3014 sichan
1151 2959 1195 3012 die
1206 2958 1274 3011 Ver·

58 3054 60 3058 v
127 3029 279 3096 sammlung
295 3029 342 3082 der
358 3028 502 3081 Thebaaer.
1148 3064 1151 3069 -
1186 3065 1188 3069 ,

177 3099 200 3148 5.
219 3100 289 3163 qaod
304 3098 354 3149 aaba'
369 3099 515 3149 videratur:
537 3093 600 3147 weil
616 3109 645 3147 er
667 3093 777 3160 glaube;
800 3101 953 3148 consacratae
971 3108 1007 3146 sc.
1025 3109 1094 3155 acca·
1116 3093 1274 3154 Meneclida,

127 3161 247 3226 Vocativ,
269 3161 466 3230 gewbhnlicher
482 3178 500 3214 a
518 3161 558 3214 als
575 3178 596 3214 e.
630 3163 746 3214 Habebat
767 3178 802 3215 aa
835 3166 954 3215 aionem:
976 3158 1056 3213 stand
1076 3159 1114 3212 im
1131 3156 1276 3233 Vardaeht

177 3232 200 3282 6.
219 3231 293 3290 Quod
308 3235 396 3282 actem
417 3258 451 3266 -
469 3234 562 3296 patae,
573 3227 699 3293 sallara‘c':
722 3243 777 3280 was
817 3243 845 3280 as
861 3226 973 3286 batrifft,
994 3226 1044 3278 wie
1066 3226 1089 3292 §-
1109 3228 1132 3288 3,
1154 3224 1217 3278 dass
1240 3225 1277 3278 dn

126 3295 244 3363 glaubst,
267 3295 408 3349 ttuschast
427 3294 464 3347 du
486 3293 563 3357 dich;
590 3311 645 3346 aaa
668 3295 732 3347 arba
754 3299 843 3348 nostra
863 3294 925 3347 Abi
950 3293 1041 3356 instr;
1066 3295 1277 3346 Lacedaemoniae

125 3362 296 3432 sagaciabei
312 3361 433 3415 Leuctra.
452 3363 498 3415 371
518 3377 542 3413 v.
562 3358 623 3414 Chr.
699 3380 704 3387 ·
1142 3380 1145 3386 ·

186 3497 247 3549 cap.
260 3493 306 3541 Vl.
332 3492 409 3538 Scine
423 3492 639 3538 Beredtsamlrelt
653 3493 712 3537 dem
725 3492 847 3537 Athenar-
860 3491 1036 3536 callistratus
1050 3490 1216 3546 gegenlibcr.

179 3581 200 3633 1.
219 3596 279 3632 cam
296 3604 328 3618 -
345 3582 466 3640 aeabcct,
490 3575 537 3629 der
552 3575 688 3630 Nachsatz
706 3575 729 3643 ᾗ.
748 3577 771 3629 3.
805 3576 998 3643 Epamahoadas
1019 3578 1098 3638 aaa
1112 3576 1278 3642 praestabat,

127 3648 204 3698 sonst
229 3662 250 3699 c.
278 3642 356 3708 Dat.;
382 3646 537 3706 Atticorum,
565 3642 599 3696 cf.
624 3641 718 3695 Thrae.
745 3643 768 3704 3,
794 3644 820 3703 13
845 3645 939 3703 malta,
965 3640 1015 3694 wie
1040 3640 1088 3693 das
1109 3638 1280 3707 griechische

127 3711 224 3778 πολλά,
242 3710 450 3772 adverbialisch;
474 3715 502 3762 a'a
524 3715 613 3777 eieqae
636 3713 681 3762 boc
699 3712 850 3777 posuisset:
870 3707 926 3760 und
948 3706 1026 3760 dabei
1046 3705 1094 3760 das
1111 3707 1280 3775 vorbrachte,

91 3812 99 3825 -
128 3782 162 3832 st.
180 3785 205 3833 et
221 3780 307 3832 malla
324 3783 379 3832 alia
395 3784 420 3830 at
436 3781 490 3830 boc.
933 3811 935 3816 ·

178 3848 202 3899 2.
220 3850 308 3913 qualib
334 3874 366 3884 -
393 3849 463 3904 oieb,
486 3844 589 3904 Accua,
616 3841 648 3894 cf.
671 3839 743 3893 Milt.
766 3844 791 3904 4,
817 3841 844 3904 ¹3
871 3857 905 3894 aaa
927 3841 1031 3907 parabas,
1053 3838 1123 3891 nach
1144 3838 1280 3906 walchem

129 3915 243 3966 &actara
265 3919 290 3965 at
306 3913 497 3972 Alcmaeonem
523 3908 629 3962 Orestes
652 3906 755 3960 tbdtete
778 3907 850 3959 scine
868 3905 970 3959 Mntter
988 3904 1019 3960 cl
1053 3908 1193 3969 ”mnam
1216 3909 1281 3962 weil

126 3979 168 4033 sie
185 3980 276 4032 scincn
292 3977 374 4031 Vater
389 3978 571 4042 Agamemnon
588 3973 719 4027 ermordot
740 3971 825 4037 hatte,
848 3972 993 4025 Alcmaeon
1035 3972 1058 4025 'e
1081 3971 1191 4039 seinige,
1214 3973 1279 4028 Eri.

31 4070 34 4076 ⁴
74 4110 78 4114 ⁴
131 4044 221 4114 phylo,
237 4045 298 4098 weil
315 4044 354 4097 sie
371 4045 463 4097 seinen
480 4042 563 4096 Vater
579 4041 758 4110 Amphiaraus
776 4038 915 4098 uerrathen
933 4038 1017 4092 hatte.
