<?xml version="1.0" encoding="UTF-8"?>
<!DOCTYPE html PUBLIC "-//W3C//DTD XHTML 1.0 Transitional//EN"
    "http://www.w3.org/TR/xhtml1/DTD/xhtml1-transitional.dtd">
<html xmlns="http://www.w3.org/1999/xhtml" xml:lang="en" lang="en">
 <head>
  <title>
</title>
<meta http-equiv="Content-Type" content="text/html;charset=utf-8" />
  <meta name='ocr-system' content='tesseract 3.04.00' />
  <meta name='ocr-capabilities' content='ocr_page ocr_carea ocr_par ocr_line ocrx_word'/>
</head>
<body>
  <div class='ocr_page' id='page_1' title='image "./corneliusneposm00hinzgoog_0087.png"; bbox 0 0 2684 4478; ppageno 0'>
   <div class='ocr_carea' id='block_1_1' title="bbox 135 214 893 276">
    <p class='ocr_par' dir='ltr' id='par_1_1' title="bbox 135 214 893 276">
     <span class='ocr_line' id='line_1_1' title="bbox 135 214 893 276; baseline 0.004 -4"><span class='ocrx_word' id='word_1_1' title='bbox 135 214 173 273; x_wconf 81' lang='grc'>18</span> <span class='ocrx_word' id='word_1_2' title='bbox 396 237 398 242; x_wconf 94' lang='grc'><strong><em>·</em></strong></span> <span class='ocrx_word' id='word_1_3' title='bbox 534 215 625 276; x_wconf 81' lang='lat' dir='ltr'>XVII.</span> <span class='ocrx_word' id='word_1_4' title='bbox 668 214 893 275; x_wconf 73' lang='lat' dir='ltr'>honslnhos</span> 
     </span>
    </p>
   </div>
   <div class='ocr_carea' id='block_1_2' title="bbox 11 396 1291 2231">
    <p class='ocr_par' dir='ltr' id='par_1_2' title="bbox 11 396 1291 2231">
     <span class='ocr_line' id='line_1_2' title="bbox 90 396 1291 472; baseline 0 -16"><span class='ocrx_word' id='word_1_5' title='bbox 90 397 112 456; x_wconf 84' lang='lat' dir='ltr'>&#39;l</span> <span class='ocrx_word' id='word_1_6' title='bbox 131 397 232 470; x_wconf 80' lang='lat' dir='ltr'>Neque</span> <span class='ocrx_word' id='word_1_7' title='bbox 254 413 321 455; x_wconf 88' lang='lat' dir='ltr'>vero</span> <span class='ocrx_word' id='word_1_8' title='bbox 343 397 397 455; x_wconf 92' lang='lat' dir='ltr'>hoc</span> <span class='ocrx_word' id='word_1_9' title='bbox 419 398 512 456; x_wconf 91' lang='lat' dir='ltr'>solum</span> <span class='ocrx_word' id='word_1_10' title='bbox 533 396 565 456; x_wconf 91' lang='lat' dir='ltr'>in</span> <span class='ocrx_word' id='word_1_11' title='bbox 580 396 702 457; x_wconf 76' lang='lat' dir='ltr'>Graecia</span> <span class='ocrx_word' id='word_1_12' title='bbox 721 396 798 468; x_wconf 85' lang='lat' dir='ltr'>fecit,</span> <span class='ocrx_word' id='word_1_13' title='bbox 821 400 856 457; x_wconf 88' lang='lat' dir='ltr'>ut</span> <span class='ocrx_word' id='word_1_14' title='bbox 869 399 975 472; x_wconf 86' lang='lat' dir='ltr'>templa</span> <span class='ocrx_word' id='word_1_15' title='bbox 991 397 1107 457; x_wconf 87' lang='lat' dir='ltr'>deorum</span> <span class='ocrx_word' id='word_1_16' title='bbox 1120 400 1224 456; x_wconf 86' lang='lat' dir='ltr'>saneta</span> <span class='ocrx_word' id='word_1_17' title='bbox 1238 399 1291 456; x_wconf 88' lang='lat' dir='ltr'>ha·</span> 
     </span>
     <span class='ocr_line' id='line_1_3' title="bbox 134 479 1290 554; baseline 0.002 -16"><span class='ocrx_word' id='word_1_18' title='bbox 134 481 222 551; x_wconf 88' lang='lat' dir='ltr'>beret,</span> <span class='ocrx_word' id='word_1_19' title='bbox 247 479 298 539; x_wconf 91' lang='lat' dir='ltr'>sed</span> <span class='ocrx_word' id='word_1_20' title='bbox 313 479 399 538; x_wconf 87' lang='lat' dir='ltr'>etiam</span> <span class='ocrx_word' id='word_1_21' title='bbox 414 479 489 554; x_wconf 88' lang='lat' dir='ltr'>apud</span> <span class='ocrx_word' id='word_1_22' title='bbox 503 481 640 540; x_wconf 87' lang='lat' dir='ltr'>barbaros</span> <span class='ocrx_word' id='word_1_23' title='bbox 656 496 765 539; x_wconf 84' lang='lat' dir='ltr'>summa</span> <span class='ocrx_word' id='word_1_24' title='bbox 778 480 916 554; x_wconf 89' lang='lat' dir='ltr'>religione</span> <span class='ocrx_word' id='word_1_25' title='bbox 932 479 1026 539; x_wconf 85' lang='lat' dir='ltr'>omnia</span> <span class='ocrx_word' id='word_1_26' title='bbox 1040 480 1195 541; x_wconf 88' lang='lat' dir='ltr'>simulacra</span> <span class='ocrx_word' id='word_1_27' title='bbox 1209 497 1290 540; x_wconf 86' lang='lat' dir='ltr'>aras·</span> 
     </span>
     <span class='ocr_line' id='line_1_4' title="bbox 89 562 1290 638; baseline 0.002 -17"><span class='ocrx_word' id='word_1_28' title='bbox 89 563 112 621; x_wconf 79' lang='grc'>8</span> <span class='ocrx_word' id='word_1_29' title='bbox 136 581 191 638; x_wconf 89' lang='lat' dir='ltr'>que</span> <span class='ocrx_word' id='word_1_30' title='bbox 212 562 400 622; x_wconf 86' lang='lat' dir='ltr'>conservarit.</span> <span class='ocrx_word' id='word_1_31' title='bbox 421 564 524 637; x_wconf 87' lang='lat' dir='ltr'>Itaque</span> <span class='ocrx_word' id='word_1_32' title='bbox 544 562 736 637; x_wconf 83' lang='lat' dir='ltr'>praedicabat,</span> <span class='ocrx_word' id='word_1_33' title='bbox 758 563 857 622; x_wconf 88' lang='lat' dir='ltr'>mirari</span> <span class='ocrx_word' id='word_1_34' title='bbox 871 581 912 635; x_wconf 90' lang='lat' dir='ltr'>se,</span> <span class='ocrx_word' id='word_1_35' title='bbox 934 580 992 622; x_wconf 93' lang='grc'>666</span> <span class='ocrx_word' id='word_1_36' title='bbox 1007 563 1214 636; x_wconf 88' lang='lat' dir='ltr'>sacrilegorum</span> <span class='ocrx_word' id='word_1_37' title='bbox 1235 581 1290 625; x_wconf 88' lang='lat' dir='ltr'>nu·</span> 
     </span>
     <span class='ocr_line' id='line_1_5' title="bbox 134 645 1289 721; baseline 0 -15"><span class='ocrx_word' id='word_1_38' title='bbox 134 661 211 706; x_wconf 87' lang='lat' dir='ltr'>mero</span> <span class='ocrx_word' id='word_1_39' title='bbox 231 645 341 717; x_wconf 86' lang='lat' dir='ltr'>haberi,</span> <span class='ocrx_word' id='word_1_40' title='bbox 364 645 413 720; x_wconf 86' lang='lat' dir='ltr'>qni</span> <span class='ocrx_word' id='word_1_41' title='bbox 434 645 614 721; x_wconf 75' lang='lat' dir='ltr'>supplicibus</span> <span class='ocrx_word' id='word_1_42' title='bbox 630 646 745 705; x_wconf 88' lang='lat' dir='ltr'>deorum</span> <span class='ocrx_word' id='word_1_43' title='bbox 763 646 937 718; x_wconf 76' lang='lat' dir='ltr'>nocuissent,</span> <span class='ocrx_word' id='word_1_44' title='bbox 961 649 1012 705; x_wconf 86' lang='lat' dir='ltr'>aut</span> <span class='ocrx_word' id='word_1_45' title='bbox 1031 645 1289 719; x_wconf 79' lang='lat' dir='ltr'>nongrarioribus</span> 
     </span>
     <span class='ocr_line' id='line_1_6' title="bbox 136 728 1242 804; baseline -0.001 -16"><span class='ocrx_word' id='word_1_46' title='bbox 136 729 235 804; x_wconf 90' lang='lat' dir='ltr'>poenis</span> <span class='ocrx_word' id='word_1_47' title='bbox 258 728 347 800; x_wconf 89' lang='lat' dir='ltr'>affici,</span> <span class='ocrx_word' id='word_1_48' title='bbox 369 728 418 803; x_wconf 90' lang='lat' dir='ltr'>qui</span> <span class='ocrx_word' id='word_1_49' title='bbox 438 729 603 803; x_wconf 82' lang='lat' dir='ltr'>religionem</span> <span class='ocrx_word' id='word_1_50' title='bbox 622 729 792 800; x_wconf 89' lang='lat' dir='ltr'>minuerent,</span> <span class='ocrx_word' id='word_1_51' title='bbox 813 747 899 803; x_wconf 85' lang='lat' dir='ltr'>quam</span> <span class='ocrx_word' id='word_1_52' title='bbox 919 728 968 803; x_wconf 89' lang='lat' dir='ltr'>qui</span> <span class='ocrx_word' id='word_1_53' title='bbox 987 729 1055 788; x_wconf 88' lang='grc'><strong>1666</strong></span> <span class='ocrx_word' id='word_1_54' title='bbox 1077 729 1242 803; x_wconf 79' lang='lat' dir='ltr'>spoliarent.</span> 
     </span>
     <span class='ocr_line' id='line_1_7' title="bbox 11 800 1288 985; baseline -0.001 -114"><span class='ocrx_word' id='word_1_55' title='bbox 11 800 129 985; x_wconf 57' lang='grc'><strong>6674161</strong></span> <span class='ocrx_word' id='word_1_56' title='bbox 201 813 274 871; x_wconf 91' lang='lat' dir='ltr'>Post</span> <span class='ocrx_word' id='word_1_57' title='bbox 286 813 340 871; x_wconf 93' lang='lat' dir='ltr'>hoc</span> <span class='ocrx_word' id='word_1_58' title='bbox 354 811 493 886; x_wconf 85' lang='lat' dir='ltr'>proelium</span> <span class='ocrx_word' id='word_1_59' title='bbox 508 813 640 872; x_wconf 82' lang='lat' dir='ltr'>collatum</span> <span class='ocrx_word' id='word_1_60' title='bbox 655 828 736 872; x_wconf 90' lang='lat' dir='ltr'>omne</span> <span class='ocrx_word' id='word_1_61' title='bbox 751 813 855 872; x_wconf 88' lang='lat' dir='ltr'>bellum</span> <span class='ocrx_word' id='word_1_62' title='bbox 864 816 909 873; x_wconf 87' lang='lat' dir='ltr'>est</span> <span class='ocrx_word' id='word_1_63' title='bbox 923 811 1000 871; x_wconf 86' lang='lat' dir='ltr'>circa</span> <span class='ocrx_word' id='word_1_64' title='bbox 1014 811 1187 884; x_wconf 74' lang='lat' dir='ltr'>Corinthum,</span> <span class='ocrx_word' id='word_1_65' title='bbox 1210 811 1288 872; x_wconf 92' lang='lat' dir='ltr'>ideo·</span> 
     </span>
     <span class='ocr_line' id='line_1_8' title="bbox 11 895 1287 1053; baseline -0.001 -16"><span class='ocrx_word' id='word_1_66' title='bbox 11 895 114 989; x_wconf 62' lang='lat' dir='ltr'>..aa</span> <span class='ocrx_word' id='word_1_67' title='bbox 137 896 1287 1053; x_wconf 56' lang='grc'><strong>11111161111111116,11161111161111111611.</strong></span> 
     </span>
     <span class='ocr_line' id='line_1_9' title="bbox 136 1060 1287 1135; baseline 0.001 -16"><span class='ocrx_word' id='word_1_68' title='bbox 136 1060 235 1120; x_wconf 79' lang='lat' dir='ltr'>litatae</span> <span class='ocrx_word' id='word_1_69' title='bbox 255 1060 426 1132; x_wconf 88' lang='lat' dir='ltr'>riderentur,</span> <span class='ocrx_word' id='word_1_70' title='bbox 449 1064 563 1121; x_wconf 85' lang='lat' dir='ltr'>tantum</span> <span class='ocrx_word' id='word_1_71' title='bbox 577 1061 998 1135; x_wconf 67' lang='grc'><strong>616116616661661163166166,</strong></span> <span class='ocrx_word' id='word_1_72' title='bbox 1020 1064 1054 1121; x_wconf 90' lang='lat' dir='ltr'>ut</span> <span class='ocrx_word' id='word_1_73' title='bbox 1074 1061 1287 1121; x_wconf 79' lang='lat' dir='ltr'>commiseratus</span> 
     </span>
     <span class='ocr_line' id='line_1_10' title="bbox 36 1143 1288 1223; baseline -0.001 -20"><span class='ocrx_word' id='word_1_74' title='bbox 36 1209 43 1223; x_wconf 51' lang='grc'><strong>,</strong></span> <span class='ocrx_word' id='word_1_75' title='bbox 137 1143 176 1203; x_wconf 91' lang='lat' dir='ltr'>sit</span> <span class='ocrx_word' id='word_1_76' title='bbox 196 1145 343 1203; x_wconf 81' lang='lat' dir='ltr'>fortunam</span> <span class='ocrx_word' id='word_1_77' title='bbox 364 1143 510 1216; x_wconf 72' lang='lat' dir='ltr'>Graeciae,</span> <span class='ocrx_word' id='word_1_78' title='bbox 534 1145 607 1220; x_wconf 91' lang='lat' dir='ltr'>quod</span> <span class='ocrx_word' id='word_1_79' title='bbox 627 1148 687 1204; x_wconf 87' lang='grc'><strong>1666</strong></span> <span class='ocrx_word' id='word_1_80' title='bbox 708 1145 790 1204; x_wconf 91' lang='lat' dir='ltr'>multi</span> <span class='ocrx_word' id='word_1_81' title='bbox 806 1162 869 1204; x_wconf 91' lang='lat' dir='ltr'>ase</span> <span class='ocrx_word' id='word_1_82' title='bbox 882 1144 951 1204; x_wconf 85' lang='lat' dir='ltr'>victi</span> <span class='ocrx_word' id='word_1_83' title='bbox 971 1144 1039 1203; x_wconf 85' lang='lat' dir='ltr'>vitio</span> <span class='ocrx_word' id='word_1_84' title='bbox 1061 1144 1288 1204; x_wconf 84' lang='lat' dir='ltr'>adversariorum</span> 
     </span>
     <span class='ocr_line' id='line_1_11' title="bbox 94 1226 1284 1302; baseline -0.001 -17"><span class='ocrx_word' id='word_1_85' title='bbox 94 1244 97 1249; x_wconf 84' lang='lat'><strong>·</strong></span> <span class='ocrx_word' id='word_1_86' title='bbox 136 1226 343 1289; x_wconf 87' lang='lat' dir='ltr'>concidissent:</span> <span class='ocrx_word' id='word_1_87' title='bbox 365 1244 486 1302; x_wconf 88' lang='lat' dir='ltr'>namque</span> <span class='ocrx_word' id='word_1_88' title='bbox 506 1228 556 1286; x_wconf 89' lang='lat' dir='ltr'>illa</span> <span class='ocrx_word' id='word_1_89' title='bbox 576 1227 764 1299; x_wconf 84' lang='lat' dir='ltr'>multitudine,</span> <span class='ocrx_word' id='word_1_90' title='bbox 791 1227 817 1288; x_wconf 89' lang='lat' dir='ltr'>si</span> <span class='ocrx_word' id='word_1_91' title='bbox 842 1244 914 1287; x_wconf 86' lang='lat' dir='ltr'>sana</span> <span class='ocrx_word' id='word_1_92' title='bbox 938 1245 1017 1287; x_wconf 86' lang='lat' dir='ltr'>mens</span> <span class='ocrx_word' id='word_1_93' title='bbox 1040 1230 1115 1287; x_wconf 90' lang='lat' dir='ltr'>esset</span> <span class='ocrx_word' id='word_1_94' title='bbox 1137 1226 1284 1298; x_wconf 78' lang='lat' dir='ltr'>Graeciae,</span> 
     </span>
     <span class='ocr_line' id='line_1_12' title="bbox 93 1309 1287 1386; baseline 0 -19"><span class='ocrx_word' id='word_1_95' title='bbox 93 1309 116 1367; x_wconf 77' lang='grc'>6</span> <span class='ocrx_word' id='word_1_96' title='bbox 136 1310 306 1385; x_wconf 89' lang='lat' dir='ltr'>supplicium</span> <span class='ocrx_word' id='word_1_97' title='bbox 319 1312 424 1370; x_wconf 89' lang='lat' dir='ltr'>Persas</span> <span class='ocrx_word' id='word_1_98' title='bbox 446 1311 513 1371; x_wconf 86' lang='lat' dir='ltr'>dare</span> <span class='ocrx_word' id='word_1_99' title='bbox 534 1311 670 1386; x_wconf 89' lang='lat' dir='ltr'>potuisse.</span> <span class='ocrx_word' id='word_1_100' title='bbox 700 1311 779 1370; x_wconf 90' lang='lat' dir='ltr'>Idem</span> <span class='ocrx_word' id='word_1_101' title='bbox 800 1328 865 1370; x_wconf 92' lang='lat' dir='ltr'>cum</span> <span class='ocrx_word' id='word_1_102' title='bbox 886 1310 1062 1370; x_wconf 87' lang='lat' dir='ltr'>adversarios</span> <span class='ocrx_word' id='word_1_103' title='bbox 1083 1310 1161 1369; x_wconf 88' lang='lat' dir='ltr'>intra</span> <span class='ocrx_word' id='word_1_104' title='bbox 1174 1309 1287 1368; x_wconf 91' lang='lat' dir='ltr'>moenia</span> 
     </span>
     <span class='ocr_line' id='line_1_13' title="bbox 138 1393 1281 1469; baseline -0.001 -18"><span class='ocrx_word' id='word_1_105' title='bbox 138 1393 321 1467; x_wconf 74' lang='lat' dir='ltr'>compulisset</span> <span class='ocrx_word' id='word_1_106' title='bbox 342 1396 379 1465; x_wconf 84' lang='lat' dir='ltr'>et,</span> <span class='ocrx_word' id='word_1_107' title='bbox 400 1397 434 1453; x_wconf 90' lang='lat' dir='ltr'>ut</span> <span class='ocrx_word' id='word_1_108' title='bbox 448 1393 614 1454; x_wconf 73' lang='lat' dir='ltr'>Corinthum</span> <span class='ocrx_word' id='word_1_109' title='bbox 628 1397 814 1469; x_wconf 83' lang='lat' dir='ltr'>oppugnaret,</span> <span class='ocrx_word' id='word_1_110' title='bbox 836 1393 920 1454; x_wconf 90' lang='lat' dir='ltr'>multi</span> <span class='ocrx_word' id='word_1_111' title='bbox 940 1396 1133 1464; x_wconf 78' lang='lat' dir='ltr'>hortarentur,</span> <span class='ocrx_word' id='word_1_112' title='bbox 1155 1393 1281 1466; x_wconf 84' lang='lat' dir='ltr'>negarit,</span> 
     </span>
     <span class='ocr_line' id='line_1_14' title="bbox 137 1475 1286 1551; baseline 0.001 -18"><span class='ocrx_word' id='word_1_113' title='bbox 137 1475 167 1534; x_wconf 93' lang='lat' dir='ltr'>id</span> <span class='ocrx_word' id='word_1_114' title='bbox 190 1494 260 1536; x_wconf 86' lang='lat' dir='ltr'>suas</span> <span class='ocrx_word' id='word_1_115' title='bbox 280 1476 382 1536; x_wconf 82' lang='lat' dir='ltr'>virtuti</span> <span class='ocrx_word' id='word_1_116' title='bbox 401 1478 566 1538; x_wconf 87' lang='lat' dir='ltr'>convenire:</span> <span class='ocrx_word' id='word_1_117' title='bbox 593 1495 623 1538; x_wconf 91' lang='lat' dir='ltr'>se</span> <span class='ocrx_word' id='word_1_118' title='bbox 646 1477 805 1538; x_wconf 88' lang='lat' dir='ltr'>enimcum</span> <span class='ocrx_word' id='word_1_119' title='bbox 835 1495 896 1538; x_wconf 89' lang='lat' dir='ltr'>esse</span> <span class='ocrx_word' id='word_1_120' title='bbox 919 1475 998 1549; x_wconf 81' lang='lat' dir='ltr'>dixit,</span> <span class='ocrx_word' id='word_1_121' title='bbox 1025 1476 1075 1551; x_wconf 87' lang='lat' dir='ltr'>qui</span> <span class='ocrx_word' id='word_1_122' title='bbox 1101 1477 1137 1535; x_wconf 90' lang='lat' dir='ltr'>ed</span> <span class='ocrx_word' id='word_1_123' title='bbox 1159 1475 1286 1534; x_wconf 88' lang='lat' dir='ltr'>officium</span> 
     </span>
     <span class='ocr_line' id='line_1_15' title="bbox 136 1558 1286 1635; baseline 0 -17"><span class='ocrx_word' id='word_1_124' title='bbox 136 1559 282 1633; x_wconf 88' lang='lat' dir='ltr'>peccantis</span> <span class='ocrx_word' id='word_1_125' title='bbox 302 1558 393 1620; x_wconf 86' lang='lat' dir='ltr'>redire</span> <span class='ocrx_word' id='word_1_126' title='bbox 408 1562 531 1634; x_wconf 89' lang='lat' dir='ltr'>cogeret,</span> <span class='ocrx_word' id='word_1_127' title='bbox 552 1577 611 1621; x_wconf 90' lang='grc'>666</span> <span class='ocrx_word' id='word_1_128' title='bbox 631 1560 680 1635; x_wconf 87' lang='lat' dir='ltr'>qui</span> <span class='ocrx_word' id='word_1_129' title='bbox 701 1562 787 1620; x_wconf 89' lang='lat' dir='ltr'>urbes</span> <span class='ocrx_word' id='word_1_130' title='bbox 800 1558 991 1621; x_wconf 87' lang='lat' dir='ltr'>nobilissimas</span> <span class='ocrx_word' id='word_1_131' title='bbox 1006 1561 1183 1633; x_wconf 85' lang='lat' dir='ltr'>expugnaret</span> <span class='ocrx_word' id='word_1_132' title='bbox 1196 1559 1286 1618; x_wconf 81' lang='grc'><strong>61666-</strong></span> 
     </span>
     <span class='ocr_line' id='line_1_16' title="bbox 95 1640 1286 1717; baseline 0 -19"><span class='ocrx_word' id='word_1_133' title='bbox 95 1641 118 1698; x_wconf 83' lang='grc'><strong>4</strong></span> <span class='ocrx_word' id='word_1_134' title='bbox 138 1640 210 1701; x_wconf 87' lang='grc'><strong>6166.</strong></span> <span class='ocrx_word' id='word_1_135' title='bbox 230 1643 353 1715; x_wconf 81' lang='grc'><strong>1166661,</strong></span> <span class='ocrx_word' id='word_1_136' title='bbox 376 1643 477 1717; x_wconf 88' lang='lat' dir='ltr'>inquit,</span> <span class='ocrx_word' id='word_1_137' title='bbox 501 1661 549 1704; x_wconf 89' lang='lat' dir='ltr'>eos</span> <span class='ocrx_word' id='word_1_138' title='bbox 563 1644 744 1717; x_wconf 82' lang='lat' dir='ltr'>exstinguere</span> <span class='ocrx_word' id='word_1_139' title='bbox 758 1643 937 1715; x_wconf 85' lang='lat' dir='ltr'>voluerimus,</span> <span class='ocrx_word' id='word_1_140' title='bbox 961 1643 1010 1717; x_wconf 90' lang='lat' dir='ltr'>qui</span> <span class='ocrx_word' id='word_1_141' title='bbox 1024 1642 1171 1702; x_wconf 88' lang='lat' dir='ltr'>nobiscum</span> <span class='ocrx_word' id='word_1_142' title='bbox 1186 1641 1286 1701; x_wconf 83' lang='lat' dir='ltr'>adrer-</span> 
     </span>
     <span class='ocr_line' id='line_1_17' title="bbox 139 1724 1287 1801; baseline 0 -18"><span class='ocrx_word' id='word_1_143' title='bbox 139 1741 188 1783; x_wconf 90' lang='lat' dir='ltr'>sus</span> <span class='ocrx_word' id='word_1_144' title='bbox 202 1726 340 1785; x_wconf 84' lang='lat' dir='ltr'>barbaros</span> <span class='ocrx_word' id='word_1_145' title='bbox 354 1728 505 1798; x_wconf 87' lang='lat' dir='ltr'>steterunt,</span> <span class='ocrx_word' id='word_1_146' title='bbox 521 1728 632 1787; x_wconf 90' lang='lat' dir='ltr'>nosmet</span> <span class='ocrx_word' id='word_1_147' title='bbox 645 1727 702 1801; x_wconf 91' lang='lat' dir='ltr'>ipsi</span> <span class='ocrx_word' id='word_1_148' title='bbox 715 1742 767 1786; x_wconf 91' lang='lat' dir='ltr'>nos</span> <span class='ocrx_word' id='word_1_149' title='bbox 783 1727 1046 1801; x_wconf 78' lang='lat' dir='ltr'>expugnaverimus,</span> <span class='ocrx_word' id='word_1_150' title='bbox 1066 1724 1123 1785; x_wconf 86' lang='lat' dir='ltr'>illis</span> <span class='ocrx_word' id='word_1_151' title='bbox 1138 1724 1287 1799; x_wconf 84' lang='lat' dir='ltr'>quiescen-</span> 
     </span>
     <span class='ocr_line' id='line_1_18' title="bbox 24 1807 1178 1885; baseline 0.002 -21"><span class='ocrx_word' id='word_1_152' title='bbox 24 1815 27 1819; x_wconf 82' lang='grc'><strong>’</strong></span> <span class='ocrx_word' id='word_1_153' title='bbox 139 1807 226 1866; x_wconf 89' lang='lat' dir='ltr'>tibus.</span> <span class='ocrx_word' id='word_1_154' title='bbox 269 1808 330 1879; x_wconf 78' lang='lat' dir='ltr'>Quo</span> <span class='ocrx_word' id='word_1_155' title='bbox 351 1808 428 1868; x_wconf 88' lang='grc'><strong>16616</strong></span> <span class='ocrx_word' id='word_1_156' title='bbox 449 1809 511 1869; x_wconf 88' lang='grc'><strong>6166</strong></span> <span class='ocrx_word' id='word_1_157' title='bbox 532 1810 656 1883; x_wconf 82' lang='lat' dir='ltr'>negotio,</span> <span class='ocrx_word' id='word_1_158' title='bbox 680 1827 744 1870; x_wconf 91' lang='lat' dir='ltr'>cum</span> <span class='ocrx_word' id='word_1_159' title='bbox 763 1809 913 1881; x_wconf 81' lang='lat' dir='ltr'>voluerint,</span> <span class='ocrx_word' id='word_1_160' title='bbox 935 1826 988 1869; x_wconf 90' lang='lat' dir='ltr'>nos</span> <span class='ocrx_word' id='word_1_161' title='bbox 1010 1808 1178 1885; x_wconf 89' lang='lat' dir='ltr'>oppriment.</span> 
     </span>
     <span class='ocr_line' id='line_1_19' title="bbox 97 1885 1288 1968; baseline -0.003 -15"><span class='ocrx_word' id='word_1_162' title='bbox 97 1885 122 1953; x_wconf 84' lang='grc'>6</span> <span class='ocrx_word' id='word_1_163' title='bbox 143 1888 145 1892; x_wconf 76' lang='grc'><strong>’</strong></span> <span class='ocrx_word' id='word_1_164' title='bbox 202 1891 320 1950; x_wconf 91' lang='lat' dir='ltr'>Interim</span> <span class='ocrx_word' id='word_1_165' title='bbox 340 1892 444 1951; x_wconf 87' lang='lat' dir='ltr'>accidit</span> <span class='ocrx_word' id='word_1_166' title='bbox 457 1892 506 1952; x_wconf 84' lang='lat' dir='ltr'>illa</span> <span class='ocrx_word' id='word_1_167' title='bbox 521 1893 667 1954; x_wconf 86' lang='lat' dir='ltr'>calamitas</span> <span class='ocrx_word' id='word_1_168' title='bbox 682 1893 758 1968; x_wconf 88' lang='lat' dir='ltr'>apud</span> <span class='ocrx_word' id='word_1_169' title='bbox 770 1894 895 1953; x_wconf 85' lang='lat' dir='ltr'>Leuctra</span> <span class='ocrx_word' id='word_1_170' title='bbox 907 1890 1147 1953; x_wconf 80' lang='lat' dir='ltr'>Lacedaemoniis.</span> <span class='ocrx_word' id='word_1_171' title='bbox 1173 1889 1235 1960; x_wconf 75' lang='lat' dir='ltr'>Quo</span> <span class='ocrx_word' id='word_1_172' title='bbox 1251 1906 1288 1950; x_wconf 89' lang='lat' dir='ltr'>ne</span> 
     </span>
     <span class='ocr_line' id='line_1_20' title="bbox 139 1972 1288 2052; baseline 0.001 -23"><span class='ocrx_word' id='word_1_173' title='bbox 139 1973 376 2046; x_wconf 88' lang='lat' dir='ltr'>proficisceretur,</span> <span class='ocrx_word' id='word_1_174' title='bbox 404 1992 469 2035; x_wconf 91' lang='lat' dir='ltr'>cum</span> <span class='ocrx_word' id='word_1_175' title='bbox 490 1993 508 2035; x_wconf 89' lang='lat' dir='ltr'>a</span> <span class='ocrx_word' id='word_1_176' title='bbox 528 1975 669 2051; x_wconf 84' lang='lat' dir='ltr'>plerisque</span> <span class='ocrx_word' id='word_1_177' title='bbox 689 1976 725 2036; x_wconf 85' lang='lat' dir='ltr'>ad</span> <span class='ocrx_word' id='word_1_178' title='bbox 753 1977 910 2037; x_wconf 91' lang='lat' dir='ltr'>exeundum</span> <span class='ocrx_word' id='word_1_179' title='bbox 929 1978 1113 2052; x_wconf 82' lang='lat' dir='ltr'>premeretur,</span> <span class='ocrx_word' id='word_1_180' title='bbox 1143 1976 1177 2033; x_wconf 93' lang='lat' dir='ltr'>ut</span> <span class='ocrx_word' id='word_1_181' title='bbox 1201 1972 1227 2033; x_wconf 92' lang='lat' dir='ltr'>si</span> <span class='ocrx_word' id='word_1_182' title='bbox 1253 1972 1288 2031; x_wconf 91' lang='lat' dir='ltr'>de</span> 
     </span>
     <span class='ocr_line' id='line_1_21' title="bbox 11 2054 1287 2134; baseline -0.002 -17"><span class='ocrx_word' id='word_1_183' title='bbox 11 2054 386 2130; x_wconf 61' lang='lat' dir='ltr'>vermentodunum,</span> <span class='ocrx_word' id='word_1_184' title='bbox 408 2059 484 2119; x_wconf 91' lang='lat' dir='ltr'>exire</span> <span class='ocrx_word' id='word_1_185' title='bbox 505 2058 606 2119; x_wconf 89' lang='lat' dir='ltr'>noluit.</span> <span class='ocrx_word' id='word_1_186' title='bbox 648 2060 736 2130; x_wconf 83' lang='lat' dir='ltr'>Idem,</span> <span class='ocrx_word' id='word_1_187' title='bbox 763 2077 828 2120; x_wconf 88' lang='lat' dir='ltr'>curn</span> <span class='ocrx_word' id='word_1_188' title='bbox 847 2059 1056 2134; x_wconf 81' lang='lat' dir='ltr'>Epaminondas</span> <span class='ocrx_word' id='word_1_189' title='bbox 1078 2059 1210 2133; x_wconf 86' lang='lat' dir='ltr'>Spartam</span> <span class='ocrx_word' id='word_1_190' title='bbox 1236 2071 1287 2129; x_wconf 94' lang='lat' dir='ltr'>op-</span> 
     </span>
     <span class='ocr_line' id='line_1_22' title="bbox 32 2121 1287 2231; baseline 0.001 -35"><span class='ocrx_word' id='word_1_191' title='bbox 32 2121 96 2231; x_wconf 56' lang='lat' dir='ltr'>aa}</span> <span class='ocrx_word' id='word_1_192' title='bbox 140 2143 283 2212; x_wconf 82' lang='lat' dir='ltr'>pugnaret</span> <span class='ocrx_word' id='word_1_193' title='bbox 302 2145 432 2217; x_wconf 83' lang='lat' dir='ltr'>essetque</span> <span class='ocrx_word' id='word_1_194' title='bbox 454 2142 625 2203; x_wconf 82' lang='grc'><strong>6166666616</strong></span> <span class='ocrx_word' id='word_1_195' title='bbox 647 2142 788 2218; x_wconf 82' lang='lat' dir='ltr'>oppidum,</span> <span class='ocrx_word' id='word_1_196' title='bbox 815 2144 902 2202; x_wconf 90' lang='lat' dir='ltr'>talem</span> <span class='ocrx_word' id='word_1_197' title='bbox 930 2161 961 2202; x_wconf 90' lang='lat' dir='ltr'>se</span> <span class='ocrx_word' id='word_1_198' title='bbox 985 2142 1185 2217; x_wconf 85' lang='lat' dir='ltr'>imperatorem</span> <span class='ocrx_word' id='word_1_199' title='bbox 1203 2155 1287 2215; x_wconf 88' lang='lat' dir='ltr'>prae-</span> 
     </span>
    </p>
   </div>
   <div class='ocr_carea' id='block_1_3' title="bbox 100 2221 1289 2395">
    <p class='ocr_par' dir='ltr' id='par_1_3' title="bbox 100 2221 1289 2395">
     <span class='ocr_line' id='line_1_23' title="bbox 141 2221 1287 2301; baseline -0.003 -19"><span class='ocrx_word' id='word_1_200' title='bbox 141 2221 212 2298; x_wconf 85' lang='lat' dir='ltr'>buit,</span> <span class='ocrx_word' id='word_1_201' title='bbox 235 2227 269 2283; x_wconf 93' lang='lat' dir='ltr'>ut</span> <span class='ocrx_word' id='word_1_202' title='bbox 282 2241 315 2284; x_wconf 93' lang='lat' dir='ltr'>eo</span> <span class='ocrx_word' id='word_1_203' title='bbox 328 2228 454 2300; x_wconf 90' lang='lat' dir='ltr'>tempore</span> <span class='ocrx_word' id='word_1_204' title='bbox 470 2227 601 2286; x_wconf 89' lang='lat' dir='ltr'>omnihus</span> <span class='ocrx_word' id='word_1_205' title='bbox 616 2225 789 2301; x_wconf 87' lang='lat' dir='ltr'>apparuerit,</span> <span class='ocrx_word' id='word_1_206' title='bbox 805 2226 861 2285; x_wconf 90' lang='lat' dir='ltr'>nisi</span> <span class='ocrx_word' id='word_1_207' title='bbox 875 2227 922 2286; x_wconf 90' lang='lat' dir='ltr'>ille</span> <span class='ocrx_word' id='word_1_208' title='bbox 936 2224 1047 2297; x_wconf 80' lang='lat' dir='ltr'>fuisset,</span> <span class='ocrx_word' id='word_1_209' title='bbox 1063 2226 1195 2299; x_wconf 79' lang='lat' dir='ltr'>Spartam</span> <span class='ocrx_word' id='word_1_210' title='bbox 1207 2222 1287 2281; x_wconf 86' lang='lat' dir='ltr'>futu-</span> 
     </span>
     <span class='ocr_line' id='line_1_24' title="bbox 100 2237 1289 2395; baseline 0 -32"><span class='ocrx_word' id='word_1_211' title='bbox 100 2237 200 2387; x_wconf 80' lang='grc'><strong>216666</strong></span> <span class='ocrx_word' id='word_1_212' title='bbox 213 2324 272 2366; x_wconf 91' lang='grc'>666</span> <span class='ocrx_word' id='word_1_213' title='bbox 284 2308 383 2368; x_wconf 75' lang='lat' dir='ltr'>trisse.</span> <span class='ocrx_word' id='word_1_214' title='bbox 405 2310 441 2369; x_wconf 86' lang='lat' dir='ltr'>In</span> <span class='ocrx_word' id='word_1_215' title='bbox 460 2326 515 2384; x_wconf 89' lang='lat' dir='ltr'>quo</span> <span class='ocrx_word' id='word_1_216' title='bbox 536 2309 648 2384; x_wconf 86' lang='lat' dir='ltr'>quidem</span> <span class='ocrx_word' id='word_1_217' title='bbox 661 2309 821 2395; x_wconf 72' lang='lat' dir='ltr'>discrimine</span> <span class='ocrx_word' id='word_1_218' title='bbox 837 2308 967 2370; x_wconf 89' lang='lat' dir='ltr'>celeritas</span> <span class='ocrx_word' id='word_1_219' title='bbox 988 2309 1050 2369; x_wconf 89' lang='lat' dir='ltr'>eius</span> <span class='ocrx_word' id='word_1_220' title='bbox 1072 2304 1184 2369; x_wconf 90' lang='lat' dir='ltr'>consilii</span> <span class='ocrx_word' id='word_1_221' title='bbox 1201 2305 1289 2365; x_wconf 81' lang='lat' dir='ltr'>saluti</span> 
     </span>
    </p>
   </div>
   <div class='ocr_carea' id='block_1_4' title="bbox 40 2469 1289 2683">
    <p class='ocr_par' dir='ltr' id='par_1_4' title="bbox 40 2469 1289 2683">
     <span class='ocr_line' id='line_1_25' title="bbox 192 2469 783 2539; baseline 0.014 -21"><span class='ocrx_word' id='word_1_222' title='bbox 192 2470 217 2520; x_wconf 83' lang='grc'>’1.</span> <span class='ocrx_word' id='word_1_223' title='bbox 228 2471 302 2535; x_wconf 73' lang='lat' dir='ltr'>feeit,</span> <span class='ocrx_word' id='word_1_224' title='bbox 320 2469 542 2537; x_wconf 87' lang='lat' dir='ltr'>Umsehreihung,</span> <span class='ocrx_word' id='word_1_225' title='bbox 560 2471 589 2525; x_wconf 85' lang='grc' dir='ltr'>Ζ.</span> <span class='ocrx_word' id='word_1_226' title='bbox 608 2472 633 2539; x_wconf 68' lang='lat' dir='ltr'>fi.</span> <span class='ocrx_word' id='word_1_227' title='bbox 648 2473 706 2533; x_wconf 86' lang='lat'><strong>618,</strong></span> <span class='ocrx_word' id='word_1_228' title='bbox 724 2472 783 2526; x_wconf 85' lang='grc'><strong>616.</strong></span> 
     </span>
     <span class='ocr_line' id='line_1_26' title="bbox 192 2529 1289 2605; baseline -0.001 -19"><span class='ocrx_word' id='word_1_229' title='bbox 192 2536 215 2587; x_wconf 87' lang='lat'>8.</span> <span class='ocrx_word' id='word_1_230' title='bbox 233 2540 418 2605; x_wconf 70' lang='lat' dir='ltr'>sacrilegorum</span> <span class='ocrx_word' id='word_1_231' title='bbox 434 2554 541 2592; x_wconf 77' lang='grc'><strong>66666</strong></span> <span class='ocrx_word' id='word_1_232' title='bbox 563 2539 667 2592; x_wconf 65' lang='lat' dir='ltr'>habere</span> <span class='ocrx_word' id='word_1_233' title='bbox 687 2535 909 2605; x_wconf 77' lang='lat' dir='ltr'>rempehauoern</span> <span class='ocrx_word' id='word_1_234' title='bbox 925 2536 1014 2604; x_wconf 88' lang='lat' dir='ltr'>gleioh</span> <span class='ocrx_word' id='word_1_235' title='bbox 1030 2534 1155 2603; x_wconf 85' lang='lat' dir='ltr'>gasahtat</span> <span class='ocrx_word' id='word_1_236' title='bbox 1167 2529 1289 2596; x_wconf 79' lang='lat' dir='ltr'>werden,</span> 
     </span>
     <span class='ocr_line' id='line_1_27' title="bbox 40 2604 822 2683; baseline 0.008 -32"><span class='ocrx_word' id='word_1_237' title='bbox 40 2680 42 2683; x_wconf 21' lang='grc' dir='ltr'>Ι</span> <span class='ocrx_word' id='word_1_238' title='bbox 141 2615 178 2652; x_wconf 85' lang='grc'>66.</span> <span class='ocrx_word' id='word_1_239' title='bbox 197 2618 252 2666; x_wconf 86' lang='lat' dir='ltr'>eos;</span> <span class='ocrx_word' id='word_1_240' title='bbox 269 2605 339 2670; x_wconf 81' lang='lat' dir='ltr'>affici</span> <span class='ocrx_word' id='word_1_241' title='bbox 354 2618 389 2657; x_wconf 88' lang='lat' dir='ltr'>sc.</span> <span class='ocrx_word' id='word_1_242' title='bbox 408 2621 463 2667; x_wconf 80' lang='lat' dir='ltr'>eos,·</span> <span class='ocrx_word' id='word_1_243' title='bbox 480 2609 634 2665; x_wconf 77' lang='lat' dir='ltr'>minuerent,</span> <span class='ocrx_word' id='word_1_244' title='bbox 653 2620 674 2658; x_wconf 92' lang='grc'>6.</span> <span class='ocrx_word' id='word_1_245' title='bbox 693 2604 822 2657; x_wconf 85' lang='lat' dir='ltr'>Wlirterb.</span> 
     </span>
    </p>
   </div>
   <div class='ocr_carea' id='block_1_5' title="bbox 142 2704 1285 2818">
    <p class='ocr_par' dir='ltr' id='par_1_5' title="bbox 142 2704 1285 2818">
     <span class='ocr_line' id='line_1_28' title="bbox 142 2704 1285 2818; baseline -0.002 -58"><span class='ocrx_word' id='word_1_246' title='bbox 142 2714 613 2818; x_wconf 44' lang='grc' dir='ltr'><strong>66116ἔώ61636616661661666663</strong></span> <span class='ocrx_word' id='word_1_247' title='bbox 632 2720 680 2765; x_wconf 83' lang='grc'>666</span> <span class='ocrx_word' id='word_1_248' title='bbox 693 2719 809 2774; x_wconf 83' lang='lat' dir='ltr'>ereges</span> <span class='ocrx_word' id='word_1_249' title='bbox 822 2719 851 2765; x_wconf 91' lang='grc'>16</span> <span class='ocrx_word' id='word_1_250' title='bbox 868 2717 1006 2767; x_wconf 67' lang='lat' dir='ltr'>desidite</span> <span class='ocrx_word' id='word_1_251' title='bbox 1023 2704 1078 2765; x_wconf 53' lang='lat' dir='ltr'>ron</span> <span class='ocrx_word' id='word_1_252' title='bbox 1091 2713 1212 2807; x_wconf 76' lang='grc'><strong>(16616116.</strong></span> <span class='ocrx_word' id='word_1_253' title='bbox 1232 2711 1285 2760; x_wconf 78' lang='grc'>687</span> 
     </span>
    </p>
   </div>
   <div class='ocr_carea' id='block_1_6' title="bbox 141 2855 1292 3258">
    <p class='ocr_par' dir='ltr' id='par_1_6' title="bbox 195 2855 557 2919">
     <span class='ocr_line' id='line_1_29' title="bbox 195 2855 557 2919; baseline 0.006 -11"><span class='ocrx_word' id='word_1_254' title='bbox 195 2858 216 2908; x_wconf 94' lang='grc'>1.</span> <span class='ocrx_word' id='word_1_255' title='bbox 235 2861 367 2919; x_wconf 79' lang='lat' dir='ltr'>collatam,</span> <span class='ocrx_word' id='word_1_256' title='bbox 385 2871 407 2909; x_wconf 91' lang='lat' dir='ltr'>s.</span> <span class='ocrx_word' id='word_1_257' title='bbox 424 2855 557 2910; x_wconf 84' lang='lat' dir='ltr'>Wdrterb.</span> 
     </span>
    </p>

    <p class='ocr_par' dir='ltr' id='par_1_7' title="bbox 141 2922 1288 3126">
     <span class='ocr_line' id='line_1_30' title="bbox 191 2922 1286 3001; baseline -0.001 -26"><span class='ocrx_word' id='word_1_258' title='bbox 191 2925 216 2976; x_wconf 85' lang='lat'>2.</span> <span class='ocrx_word' id='word_1_259' title='bbox 234 2927 355 2992; x_wconf 77' lang='lat' dir='ltr'>Apeerhao</span> <span class='ocrx_word' id='word_1_260' title='bbox 372 2926 445 2984; x_wconf 80' lang='lat' dir='ltr'>dare,</span> <span class='ocrx_word' id='word_1_261' title='bbox 466 2922 541 3001; x_wconf 90' lang='lat' dir='ltr'>irrig,</span> <span class='ocrx_word' id='word_1_262' title='bbox 564 2924 596 2977; x_wconf 84' lang='lat' dir='ltr'>A.</span> <span class='ocrx_word' id='word_1_263' title='bbox 619 2940 675 2978; x_wconf 84' lang='lat' dir='ltr'>war</span> <span class='ocrx_word' id='word_1_264' title='bbox 695 2923 773 2978; x_wconf 87' lang='lat' dir='ltr'>nicht</span> <span class='ocrx_word' id='word_1_265' title='bbox 795 2923 950 2987; x_wconf 81' lang='lat' dir='ltr'>anwesend3</span> <span class='ocrx_word' id='word_1_266' title='bbox 973 2925 1160 2977; x_wconf 70' lang='lat' dir='ltr'>chamelaea</span> <span class='ocrx_word' id='word_1_267' title='bbox 1192 2924 1286 2998; x_wconf 58' lang='lat' dir='ltr'>tomam</span> 
     </span>
     <span class='ocr_line' id='line_1_31' title="bbox 141 2989 1288 3058; baseline -0.003 -15"><span class='ocrx_word' id='word_1_268' title='bbox 141 3004 195 3043; x_wconf 84' lang='lat' dir='ltr'>von</span> <span class='ocrx_word' id='word_1_269' title='bbox 214 2989 273 3044; x_wconf 93' lang='lat' dir='ltr'>dem</span> <span class='ocrx_word' id='word_1_270' title='bbox 293 2989 540 3052; x_wconf 74' lang='lat' dir='ltr'>Uehermuth,&#39;wre</span> <span class='ocrx_word' id='word_1_271' title='bbox 561 3006 591 3044; x_wconf 93' lang='lat' dir='ltr'>er</span> <span class='ocrx_word' id='word_1_272' title='bbox 612 2990 782 3058; x_wconf 83' lang='lat' dir='ltr'>geulihulich</span> <span class='ocrx_word' id='word_1_273' title='bbox 801 2990 853 3044; x_wconf 92' lang='lat' dir='ltr'>mit</span> <span class='ocrx_word' id='word_1_274' title='bbox 873 2989 933 3043; x_wconf 88' lang='lat' dir='ltr'>dem</span> <span class='ocrx_word' id='word_1_275' title='bbox 948 2989 1038 3044; x_wconf 83' lang='lat' dir='ltr'>Ruhm</span> <span class='ocrx_word' id='word_1_276' title='bbox 1060 2989 1161 3043; x_wconf 88' lang='lat' dir='ltr'>verbun</span> <span class='ocrx_word' id='word_1_277' title='bbox 1178 3004 1212 3041; x_wconf 89' lang='grc'>66</span> <span class='ocrx_word' id='word_1_278' title='bbox 1237 2990 1288 3051; x_wconf 87' lang='lat' dir='ltr'>rst;</span> 
     </span>
     <span class='ocr_line' id='line_1_32' title="bbox 142 3056 1154 3126; baseline -0.001 -17"><span class='ocrx_word' id='word_1_279' title='bbox 142 3060 168 3109; x_wconf 81' lang='lat' dir='ltr'>ci</span> <span class='ocrx_word' id='word_1_280' title='bbox 182 3073 247 3109; x_wconf 78' lang='lat' dir='ltr'>sarra</span> <span class='ocrx_word' id='word_1_281' title='bbox 263 3073 335 3110; x_wconf 82' lang='lat' dir='ltr'>meras</span> <span class='ocrx_word' id='word_1_282' title='bbox 351 3063 415 3110; x_wconf 80' lang='lat' dir='ltr'>esset</span> <span class='ocrx_word' id='word_1_283' title='bbox 432 3059 567 3110; x_wconf 82' lang='lat' dir='ltr'>Graeciae:</span> <span class='ocrx_word' id='word_1_284' title='bbox 584 3073 662 3110; x_wconf 85' lang='lat' dir='ltr'>wenn</span> <span class='ocrx_word' id='word_1_285' title='bbox 679 3058 721 3111; x_wconf 88' lang='lat' dir='ltr'>die</span> <span class='ocrx_word' id='word_1_286' title='bbox 739 3057 869 3113; x_wconf 85' lang='lat' dir='ltr'>Griechen</span> <span class='ocrx_word' id='word_1_287' title='bbox 886 3056 1044 3126; x_wconf 83' lang='lat' dir='ltr'>rerniinitig</span> <span class='ocrx_word' id='word_1_288' title='bbox 1059 3061 1154 3109; x_wconf 85' lang='lat' dir='ltr'>witren.</span> 
     </span>
    </p>

    <p class='ocr_par' dir='ltr' id='par_1_8' title="bbox 143 3122 1292 3258">
     <span class='ocr_line' id='line_1_33' title="bbox 195 3122 1292 3190; baseline -0.002 -15"><span class='ocrx_word' id='word_1_289' title='bbox 195 3125 309 3177; x_wconf 73' lang='grc'><strong>61666</strong></span> <span class='ocrx_word' id='word_1_290' title='bbox 325 3153 359 3162; x_wconf 92' lang='lat'>-</span> <span class='ocrx_word' id='word_1_291' title='bbox 375 3128 494 3190; x_wconf 75' lang='lat' dir='ltr'>reposit:</span> <span class='ocrx_word' id='word_1_292' title='bbox 518 3124 614 3176; x_wconf 90' lang='lat' dir='ltr'>ebenso</span> <span class='ocrx_word' id='word_1_293' title='bbox 631 3124 746 3178; x_wconf 84' lang='lat' dir='ltr'>erkliirte</span> <span class='ocrx_word' id='word_1_294' title='bbox 763 3140 799 3187; x_wconf 90' lang='lat' dir='ltr'>er,</span> <span class='ocrx_word' id='word_1_295' title='bbox 821 3123 882 3177; x_wconf 84' lang='lat' dir='ltr'>dass</span> <span class='ocrx_word' id='word_1_296' title='bbox 903 3122 980 3177; x_wconf 89' lang='lat' dir='ltr'>nicht</span> <span class='ocrx_word' id='word_1_297' title='bbox 996 3142 1042 3187; x_wconf 78' lang='grc' dir='ltr'>-ς</span> <span class='ocrx_word' id='word_1_298' title='bbox 1065 3139 1127 3177; x_wconf 80' lang='lat' dir='ltr'>earu</span> <span class='ocrx_word' id='word_1_299' title='bbox 1153 3137 1216 3185; x_wconf 80' lang='lat' dir='ltr'>aare,</span> <span class='ocrx_word' id='word_1_300' title='bbox 1240 3123 1292 3189; x_wconf 81' lang='lat' dir='ltr'>qai</span> 
     </span>
     <span class='ocr_line' id='line_1_34' title="bbox 143 3190 683 3258; baseline -0.002 -15"><span class='ocrx_word' id='word_1_301' title='bbox 143 3197 245 3257; x_wconf 75' lang='lat' dir='ltr'>caperet,</span> <span class='ocrx_word' id='word_1_302' title='bbox 265 3191 292 3243; x_wconf 87' lang='lat' dir='ltr'>S.</span> <span class='ocrx_word' id='word_1_303' title='bbox 311 3190 333 3255; x_wconf 66' lang='grc' dir='ltr'>ξ.</span> <span class='ocrx_word' id='word_1_304' title='bbox 350 3190 401 3241; x_wconf 82' lang='grc'>623</span> <span class='ocrx_word' id='word_1_305' title='bbox 418 3204 443 3242; x_wconf 91' lang='grc'>6.</span> <span class='ocrx_word' id='word_1_306' title='bbox 463 3192 520 3242; x_wconf 84' lang='grc'><strong>624.</strong></span> <span class='ocrx_word' id='word_1_307' title='bbox 538 3190 566 3242; x_wconf 89' lang='grc' dir='ltr'>Ζ,</span> <span class='ocrx_word' id='word_1_308' title='bbox 584 3192 607 3258; x_wconf 63' lang='grc' dir='ltr'>ξ.</span> <span class='ocrx_word' id='word_1_309' title='bbox 625 3194 683 3244; x_wconf 82' lang='grc'><strong>556.</strong></span> 
     </span>
    </p>
   </div>
   <div class='ocr_carea' id='block_1_7' title="bbox 143 3253 1291 3391">
    <p class='ocr_par' dir='ltr' id='par_1_9' title="bbox 143 3253 1291 3391">
     <span class='ocr_line' id='line_1_35' title="bbox 193 3253 1291 3326; baseline -0.003 -17"><span class='ocrx_word' id='word_1_310' title='bbox 193 3259 217 3310; x_wconf 83' lang='grc'>4.</span> <span class='ocrx_word' id='word_1_311' title='bbox 236 3275 249 3310; x_wconf 87' lang='lat' dir='ltr'>e</span> <span class='ocrx_word' id='word_1_312' title='bbox 288 3260 482 3324; x_wconf 76' lang='lat' dir='ltr'>aperuerimus,</span> <span class='ocrx_word' id='word_1_313' title='bbox 506 3274 658 3326; x_wconf 71' lang='lat' dir='ltr'>expropriare</span> <span class='ocrx_word' id='word_1_314' title='bbox 679 3272 731 3311; x_wconf 87' lang='lat' dir='ltr'>von</span> <span class='ocrx_word' id='word_1_315' title='bbox 747 3257 881 3310; x_wconf 90' lang='lat' dir='ltr'>Personen</span> <span class='ocrx_word' id='word_1_316' title='bbox 902 3256 1055 3324; x_wconf 64' lang='grc'><strong>6160161661</strong></span> <span class='ocrx_word' id='word_1_317' title='bbox 1072 3256 1161 3310; x_wconf 81' lang='grc'><strong>661166</strong></span> <span class='ocrx_word' id='word_1_318' title='bbox 1177 3253 1222 3308; x_wconf 89' lang='lat' dir='ltr'>bei</span> <span class='ocrx_word' id='word_1_319' title='bbox 1238 3253 1291 3307; x_wconf 91' lang='lat' dir='ltr'>den</span> 
     </span>
     <span class='ocr_line' id='line_1_36' title="bbox 143 3322 869 3391; baseline 0.003 -16"><span class='ocrx_word' id='word_1_320' title='bbox 143 3322 245 3376; x_wconf 80' lang='grc'><strong>6116666</strong></span> <span class='ocrx_word' id='word_1_321' title='bbox 282 3322 483 3387; x_wconf 88' lang='lat' dir='ltr'>chriftstellern,</span> <span class='ocrx_word' id='word_1_322' title='bbox 502 3323 708 3378; x_wconf 70' lang='grc'><strong>6666666161</strong></span> <span class='ocrx_word' id='word_1_323' title='bbox 726 3323 753 3377; x_wconf 85' lang='lat' dir='ltr'>Z.</span> <span class='ocrx_word' id='word_1_324' title='bbox 772 3324 795 3391; x_wconf 63' lang='grc' dir='ltr'>ᾖ.</span> <span class='ocrx_word' id='word_1_325' title='bbox 813 3326 869 3377; x_wconf 82' lang='lat'><strong>511.</strong></span> 
     </span>
    </p>
   </div>
   <div class='ocr_carea' id='block_1_8' title="bbox 143 3437 1289 3551">
    <p class='ocr_par' dir='ltr' id='par_1_10' title="bbox 143 3437 1289 3551">
     <span class='ocr_line' id='line_1_37' title="bbox 143 3437 1289 3496; baseline 0.001 -12"><span class='ocrx_word' id='word_1_326' title='bbox 143 3441 205 3494; x_wconf 81' lang='lat' dir='ltr'>cap.</span> <span class='ocrx_word' id='word_1_327' title='bbox 218 3440 263 3486; x_wconf 86' lang='lat' dir='ltr'>VI.</span> <span class='ocrx_word' id='word_1_328' title='bbox 281 3440 427 3496; x_wconf 77' lang='lat' dir='ltr'>Agesilaus</span> <span class='ocrx_word' id='word_1_329' title='bbox 445 3439 530 3483; x_wconf 83' lang='lat' dir='ltr'>rettut</span> <span class='ocrx_word' id='word_1_330' title='bbox 544 3440 644 3493; x_wconf 73' lang='lat' dir='ltr'>sparte</span> <span class='ocrx_word' id='word_1_331' title='bbox 663 3439 732 3484; x_wconf 82' lang='grc'><strong>66616</strong></span> <span class='ocrx_word' id='word_1_332' title='bbox 750 3439 800 3483; x_wconf 84' lang='grc'>666</span> <span class='ocrx_word' id='word_1_333' title='bbox 818 3439 864 3485; x_wconf 84' lang='grc'>166</span> <span class='ocrx_word' id='word_1_334' title='bbox 878 3439 922 3484; x_wconf 87' lang='grc'>616</span> <span class='ocrx_word' id='word_1_335' title='bbox 935 3439 1142 3485; x_wconf 72' lang='lat' dir='ltr'>hamdtmenrer</span> <span class='ocrx_word' id='word_1_336' title='bbox 1156 3437 1289 3494; x_wconf 62' lang='grc'><strong>668111616-</strong></span> 
     </span>
     <span class='ocr_line' id='line_1_38' title="bbox 169 3494 1235 3551; baseline -0.001 -10"><span class='ocrx_word' id='word_1_337' title='bbox 169 3497 257 3542; x_wconf 89' lang='grc'><strong>1161666</strong></span> <span class='ocrx_word' id='word_1_338' title='bbox 270 3495 396 3541; x_wconf 81' lang='lat' dir='ltr'>Schtsoht</span> <span class='ocrx_word' id='word_1_339' title='bbox 410 3494 454 3539; x_wconf 90' lang='grc'><strong>1661</strong></span> <span class='ocrx_word' id='word_1_340' title='bbox 467 3495 593 3551; x_wconf 76' lang='lat' dir='ltr'>hemetre,</span> <span class='ocrx_word' id='word_1_341' title='bbox 607 3507 642 3541; x_wconf 83' lang='grc'>666</span> <span class='ocrx_word' id='word_1_342' title='bbox 655 3496 705 3540; x_wconf 85' lang='grc'>666</span> <span class='ocrx_word' id='word_1_343' title='bbox 718 3506 749 3540; x_wconf 89' lang='grc'>66</span> <span class='ocrx_word' id='word_1_344' title='bbox 764 3494 860 3541; x_wconf 81' lang='grc'><strong>1661666</strong></span> <span class='ocrx_word' id='word_1_345' title='bbox 873 3495 950 3540; x_wconf 79' lang='grc'><strong>’116611</strong></span> <span class='ocrx_word' id='word_1_346' title='bbox 964 3496 1051 3540; x_wconf 84' lang='grc'><strong>661666.</strong></span> <span class='ocrx_word' id='word_1_347' title='bbox 1066 3495 1116 3542; x_wconf 81' lang='grc'>311</span> <span class='ocrx_word' id='word_1_348' title='bbox 1133 3507 1158 3540; x_wconf 86' lang='lat' dir='ltr'>v.</span> <span class='ocrx_word' id='word_1_349' title='bbox 1174 3496 1235 3541; x_wconf 84' lang='grc'><strong>6166.</strong></span> 
     </span>
    </p>
   </div>
   <div class='ocr_carea' id='block_1_9' title="bbox 143 3577 1292 4115">
    <p class='ocr_par' dir='ltr' id='par_1_11' title="bbox 143 3577 1292 4050">
     <span class='ocr_line' id='line_1_39' title="bbox 196 3577 1290 3648; baseline -0.001 -14"><span class='ocrx_word' id='word_1_350' title='bbox 196 3584 218 3634; x_wconf 96' lang='grc'>1.</span> <span class='ocrx_word' id='word_1_351' title='bbox 236 3582 424 3634; x_wconf 72' lang='grc'><strong>6666661666</strong></span> <span class='ocrx_word' id='word_1_352' title='bbox 445 3577 536 3632; x_wconf 87' lang='lat' dir='ltr'>wollto</span> <span class='ocrx_word' id='word_1_353' title='bbox 553 3595 581 3632; x_wconf 90' lang='lat' dir='ltr'>er</span> <span class='ocrx_word' id='word_1_354' title='bbox 597 3578 748 3648; x_wconf 73' lang='lat' dir='ltr'>uberhaupt</span> <span class='ocrx_word' id='word_1_355' title='bbox 764 3578 841 3633; x_wconf 88' lang='lat' dir='ltr'>nieht</span> <span class='ocrx_word' id='word_1_356' title='bbox 864 3579 1018 3632; x_wconf 85' lang='lat' dir='ltr'>ansziehcn:</span> <span class='ocrx_word' id='word_1_357' title='bbox 1041 3585 1128 3633; x_wconf 72' lang='lat' dir='ltr'>emita:</span> <span class='ocrx_word' id='word_1_358' title='bbox 1150 3580 1290 3646; x_wconf 84' lang='lat' dir='ltr'>Ausgang,</span> 
     </span>
     <span class='ocr_line' id='line_1_40' title="bbox 143 3644 1292 3712; baseline -0.003 -10"><span class='ocrx_word' id='word_1_359' title='bbox 143 3648 228 3702; x_wconf 90' lang='lat' dir='ltr'>bildct</span> <span class='ocrx_word' id='word_1_360' title='bbox 245 3649 296 3701; x_wconf 92' lang='lat' dir='ltr'>mit</span> <span class='ocrx_word' id='word_1_361' title='bbox 311 3651 383 3700; x_wconf 71' lang='lat' dir='ltr'>estre</span> <span class='ocrx_word' id='word_1_362' title='bbox 399 3645 443 3698; x_wconf 90' lang='lat' dir='ltr'>ein</span> <span class='ocrx_word' id='word_1_363' title='bbox 460 3644 615 3712; x_wconf 88' lang='lat' dir='ltr'>Wartspiel.</span> <span class='ocrx_word' id='word_1_364' title='bbox 648 3649 729 3707; x_wconf 80' lang='lat' dir='ltr'>Idem,</span> <span class='ocrx_word' id='word_1_365' title='bbox 753 3645 934 3711; x_wconf 88' lang='lat' dir='ltr'>dosgleiohen;</span> <span class='ocrx_word' id='word_1_366' title='bbox 959 3649 1013 3699; x_wconf 84' lang='lat' dir='ltr'>siae</span> <span class='ocrx_word' id='word_1_367' title='bbox 1031 3652 1124 3708; x_wconf 78' lang='lat' dir='ltr'>maaria,</span> <span class='ocrx_word' id='word_1_368' title='bbox 1145 3645 1216 3700; x_wconf 84' lang='lat' dir='ltr'>nach</span> <span class='ocrx_word' id='word_1_369' title='bbox 1231 3646 1292 3699; x_wconf 92' lang='lat' dir='ltr'>dem</span> 
     </span>
     <span class='ocr_line' id='line_1_41' title="bbox 144 3710 1291 3780; baseline -0.002 -12"><span class='ocrx_word' id='word_1_370' title='bbox 144 3715 226 3768; x_wconf 82' lang='lat' dir='ltr'>Sinna</span> <span class='ocrx_word' id='word_1_371' title='bbox 244 3715 290 3768; x_wconf 87' lang='lat' dir='ltr'>des</span> <span class='ocrx_word' id='word_1_372' title='bbox 308 3713 446 3780; x_wconf 86' lang='lat' dir='ltr'>Lycurgus</span> <span class='ocrx_word' id='word_1_373' title='bbox 470 3712 569 3766; x_wconf 89' lang='lat' dir='ltr'>sollten</span> <span class='ocrx_word' id='word_1_374' title='bbox 585 3711 628 3764; x_wconf 93' lang='lat' dir='ltr'>die</span> <span class='ocrx_word' id='word_1_375' title='bbox 646 3715 676 3765; x_wconf 86' lang='lat' dir='ltr'>ts</span> <span class='ocrx_word' id='word_1_376' title='bbox 694 3711 768 3765; x_wconf 88' lang='grc'><strong>16666</strong></span> <span class='ocrx_word' id='word_1_377' title='bbox 784 3712 887 3779; x_wconf 80' lang='lat' dir='ltr'>Bi&#39;urger</span> <span class='ocrx_word' id='word_1_378' title='bbox 904 3711 947 3765; x_wconf 94' lang='lat' dir='ltr'>die</span> <span class='ocrx_word' id='word_1_379' title='bbox 968 3710 1098 3765; x_wconf 85' lang='lat' dir='ltr'>festesten</span> <span class='ocrx_word' id='word_1_380' title='bbox 1115 3712 1227 3766; x_wconf 86' lang='grc'><strong>11166666</strong></span> <span class='ocrx_word' id='word_1_381' title='bbox 1245 3713 1291 3766; x_wconf 84' lang='grc'>666</span> 
     </span>
     <span class='ocr_line' id='line_1_42' title="bbox 144 3777 1292 3856; baseline -0.003 -20"><span class='ocrx_word' id='word_1_382' title='bbox 144 3781 224 3836; x_wconf 84' lang='lat' dir='ltr'>Stadt</span> <span class='ocrx_word' id='word_1_383' title='bbox 247 3781 316 3842; x_wconf 92' lang='lat' dir='ltr'>sein;</span> <span class='ocrx_word' id='word_1_384' title='bbox 342 3779 424 3832; x_wconf 88' lang='lat' dir='ltr'>daher</span> <span class='ocrx_word' id='word_1_385' title='bbox 445 3777 522 3832; x_wconf 87' lang='lat' dir='ltr'>hatte</span> <span class='ocrx_word' id='word_1_386' title='bbox 544 3777 643 3856; x_wconf 82' lang='lat' dir='ltr'>Sparta</span> <span class='ocrx_word' id='word_1_387' title='bbox 682 3778 862 3832; x_wconf 89' lang='lat' dir='ltr'>ahrhunderte</span> <span class='ocrx_word' id='word_1_388' title='bbox 882 3779 948 3845; x_wconf 85' lang='lat' dir='ltr'>lang</span> <span class='ocrx_word' id='word_1_389' title='bbox 968 3779 1045 3832; x_wconf 87' lang='lat' dir='ltr'>keine</span> <span class='ocrx_word' id='word_1_390' title='bbox 1067 3779 1185 3832; x_wconf 83' lang='lat' dir='ltr'>Mauors.</span> <span class='ocrx_word' id='word_1_391' title='bbox 1226 3778 1292 3833; x_wconf 85' lang='lat' dir='ltr'>Erst</span> 
     </span>
     <span class='ocr_line' id='line_1_43' title="bbox 144 3844 1292 3913; baseline -0.003 -11"><span class='ocrx_word' id='word_1_392' title='bbox 144 3848 213 3902; x_wconf 89' lang='lat' dir='ltr'>nach</span> <span class='ocrx_word' id='word_1_393' title='bbox 229 3846 289 3901; x_wconf 91' lang='lat' dir='ltr'>dem</span> <span class='ocrx_word' id='word_1_394' title='bbox 300 3845 403 3900; x_wconf 85' lang='lat' dir='ltr'>Verfell</span> <span class='ocrx_word' id='word_1_395' title='bbox 420 3844 466 3898; x_wconf 88' lang='grc'>666</span> <span class='ocrx_word' id='word_1_396' title='bbox 477 3844 662 3911; x_wconf 79' lang='lat' dir='ltr'>griechischen</span> <span class='ocrx_word' id='word_1_397' title='bbox 672 3844 791 3898; x_wconf 80' lang='lat' dir='ltr'>Freiheit</span> <span class='ocrx_word' id='word_1_398' title='bbox 801 3845 945 3913; x_wconf 82' lang='lat' dir='ltr'>belestigte</span> <span class='ocrx_word' id='word_1_399' title='bbox 956 3861 1018 3898; x_wconf 84' lang='lat' dir='ltr'>man</span> <span class='ocrx_word' id='word_1_400' title='bbox 1030 3845 1073 3899; x_wconf 93' lang='lat' dir='ltr'>die</span> <span class='ocrx_word' id='word_1_401' title='bbox 1084 3845 1178 3908; x_wconf 67' lang='lat' dir='ltr'>stada</span> <span class='ocrx_word' id='word_1_402' title='bbox 1193 3849 1292 3910; x_wconf 61' lang='lat' dir='ltr'>farisei</span> 
     </span>
     <span class='ocr_line' id='line_1_44' title="bbox 144 3910 1292 3980; baseline 0 -14"><span class='ocrx_word' id='word_1_403' title='bbox 144 3947 177 3954; x_wconf 85' lang='lat'>-</span> <span class='ocrx_word' id='word_1_404' title='bbox 195 3933 245 3967; x_wconf 87' lang='grc'>666</span> <span class='ocrx_word' id='word_1_405' title='bbox 252 3917 345 3980; x_wconf 72' lang='lat' dir='ltr'>faiam</span> <span class='ocrx_word' id='word_1_406' title='bbox 360 3910 489 3965; x_wconf 88' lang='grc'><strong>6166616116</strong></span> <span class='ocrx_word' id='word_1_407' title='bbox 507 3913 549 3965; x_wconf 89' lang='grc'>616</span> <span class='ocrx_word' id='word_1_408' title='bbox 562 3911 721 3979; x_wconf 80' lang='lat' dir='ltr'>Wortspie13</span> <span class='ocrx_word' id='word_1_409' title='bbox 740 3911 808 3965; x_wconf 92' lang='lat' dir='ltr'>ohne</span> <span class='ocrx_word' id='word_1_410' title='bbox 826 3913 882 3977; x_wconf 89' lang='lat' dir='ltr'>ihu,</span> <span class='ocrx_word' id='word_1_411' title='bbox 899 3913 967 3965; x_wconf 93' lang='lat' dir='ltr'>ohne</span> <span class='ocrx_word' id='word_1_412' title='bbox 979 3912 1071 3966; x_wconf 87' lang='lat' dir='ltr'>seinen</span> <span class='ocrx_word' id='word_1_413' title='bbox 1081 3912 1211 3966; x_wconf 86' lang='lat' dir='ltr'>Beistand</span> <span class='ocrx_word' id='word_1_414' title='bbox 1222 3918 1292 3966; x_wconf 74' lang='lat' dir='ltr'>wire</span> 
     </span>
     <span class='ocr_line' id='line_1_45' title="bbox 144 3978 1291 4050; baseline -0.003 -16"><span class='ocrx_word' id='word_1_415' title='bbox 144 3981 242 4050; x_wconf 85' lang='lat' dir='ltr'>Sparta</span> <span class='ocrx_word' id='word_1_416' title='bbox 258 3979 335 4034; x_wconf 88' lang='lat' dir='ltr'>nicht</span> <span class='ocrx_word' id='word_1_417' title='bbox 351 3979 479 4033; x_wconf 87' lang='lat' dir='ltr'>bestehen</span> <span class='ocrx_word' id='word_1_418' title='bbox 495 3979 646 4045; x_wconf 85' lang='lat' dir='ltr'>gablieben;</span> <span class='ocrx_word' id='word_1_419' title='bbox 662 3981 792 4047; x_wconf 68' lang='lat' dir='ltr'>praedari.</span> <span class='ocrx_word' id='word_1_420' title='bbox 810 3986 843 4033; x_wconf 84' lang='lat' dir='ltr'>at</span> <span class='ocrx_word' id='word_1_421' title='bbox 860 4010 893 4018; x_wconf 92' lang='lat'><strong>—</strong></span> <span class='ocrx_word' id='word_1_422' title='bbox 911 3985 1073 4047; x_wconf 77' lang='lat' dir='ltr'>apparuerit,</span> <span class='ocrx_word' id='word_1_423' title='bbox 1092 3978 1209 4035; x_wconf 76' lang='grc'><strong>6111111</strong></span> <span class='ocrx_word' id='word_1_424' title='bbox 1223 3983 1248 4040; x_wconf 88' lang='lat'>5,</span> <span class='ocrx_word' id='word_1_425' title='bbox 1268 3984 1291 4032; x_wconf 83' lang='lat'>5.</span> 
     </span>
    </p>

    <p class='ocr_par' dir='ltr' id='par_1_12' title="bbox 193 4046 1291 4115">
     <span class='ocr_line' id='line_1_46' title="bbox 193 4046 1291 4115; baseline 0.001 -15"><span class='ocrx_word' id='word_1_426' title='bbox 193 4050 216 4100; x_wconf 84' lang='lat'>2.</span> <span class='ocrx_word' id='word_1_427' title='bbox 234 4052 292 4100; x_wconf 80' lang='lat' dir='ltr'>etas</span> <span class='ocrx_word' id='word_1_428' title='bbox 309 4063 360 4100; x_wconf 86' lang='lat' dir='ltr'>ron</span> <span class='ocrx_word' id='word_1_429' title='bbox 378 4049 482 4100; x_wconf 79' lang='lat' dir='ltr'>coasilio</span> <span class='ocrx_word' id='word_1_430' title='bbox 500 4046 648 4112; x_wconf 74' lang='lat' dir='ltr'>abhiingIg3</span> <span class='ocrx_word' id='word_1_431' title='bbox 667 4063 826 4113; x_wconf 77' lang='lat' dir='ltr'>quemquam</span> <span class='ocrx_word' id='word_1_432' title='bbox 844 4048 878 4099; x_wconf 90' lang='lat' dir='ltr'>st.</span> <span class='ocrx_word' id='word_1_433' title='bbox 897 4050 1027 4115; x_wconf 55' lang='grc'><strong>61166666</strong></span> <span class='ocrx_word' id='word_1_434' title='bbox 1050 4052 1142 4108; x_wconf 83' lang='lat' dir='ltr'>animo,</span> <span class='ocrx_word' id='word_1_435' title='bbox 1162 4046 1291 4101; x_wconf 85' lang='lat' dir='ltr'>Absicht:</span> 
     </span>
    </p>
   </div>
   <div class='ocr_carea' id='block_1_10' title="bbox 0 0 1352 4478">
    <p class='ocr_par' dir='ltr' id='par_1_13' title="bbox 0 0 1352 4478">
     <span class='ocr_line' id='line_1_47' title="bbox 0 0 1352 4478; baseline 0 0"><span class='ocrx_word' id='word_1_436' title='bbox 0 0 1352 4478; x_wconf 95' lang='lat' dir='ltr'> </span> 
     </span>
    </p>
   </div>
  </div>
 </body>
</html>
