2684 4478
495 242 570 303 xrv.
605 242 793 308 olrluus.
1172 246 1210 319 or

69 425 107 486 iri
126 424 308 486 multitudine
329 424 553 494 adversariorum
572 429 669 499 posset
689 443 780 500 neque
800 425 937 501 impediri,
964 444 1019 501 quo
1038 427 1131 487 minus
1151 428 1211 503 ipse

38 526 45 541 ’
69 510 106 570 ad
127 509 315 569 dimicandum
332 525 447 566 manum
465 508 583 566 haberet
603 508 769 583 expeditam.
806 509 877 568 Erat
899 527 963 568 cum
984 527 1016 569 eo
1038 510 1211 570 Mithrobar·
1232 513 1253 573 3

68 611 162 665 naues
184 608 265 652 socer
286 591 355 663 eius,
378 590 539 665 praefectus
560 591 693 664 equitum.
728 594 759 651 Is
774 593 929 666 desperatis
950 593 1048 666 'generi
1069 595 1154 657 rebus
1175 595 1211 653 ad

67 680 166 738 hostes
186 673 351 748 transfugit.
386 674 420 735 Id
433 673 568 733 Datames
581 678 615 733 ut
628 674 744 746 audivit,
765 676 862 747 sensit,
885 675 956 735 siin
969 676 1082 734 turbam
1096 677 1208 750 exisset,

68 763 106 821 ab
126 760 238 820 homine
258 760 318 815 tam
339 757 499 816 necessario
520 773 551 815 se
572 757 717 829 relictum,
731 758 868 831 futurum,
894 762 928 817 ut
951 759 1038 818 ceteri
1062 760 1210 819 consilium

67 845 264 919 sequerentur.
300 841 336 899 Iu
348 842 452 913 vulgus
466 839 537 899 edit:
560 858 611 899 suc
625 840 706 901 iussu
720 841 973 902 Mithrobarzanem
987 841 1144 916 proiectum
1157 859 1208 917 pro
1231 847 1250 903 4

65 928 197 1003 perfuga,
220 943 274 1000 quo
292 923 404 982 facilius
418 925 550 997 receptus
564 923 737 984 interficeret
756 926 861 985 hostes.
899 925 993 995 Quare
1009 924 1132 999 relinqui
1147 943 1210 985 eum

65 1028 120 1086 par
140 1027 199 1069 non
220 1026 282 1068 esse
303 1009 332 1066 et
353 1024 448 1066 omnes
470 1005 618 1065 confestim
638 1006 727 1081 sequi.
764 1007 844 1078 Quod
865 1009 889 1067 si
909 1008 1002 1067 animo
1029 1011 1144 1067 strenuo
1165 1009 1207 1067 fe-

66 1094 183 1164 cissent,
204 1091 340 1161 futurum,
362 1094 397 1150 ut
413 1089 570 1159 ¹aduersarii
596 1106 653 1150 non
678 1094 795 1164 possent
818 1091 959 1162 resistere,
986 1109 1050 1156 cum
1078 1094 1107 1150 et
1131 1092 1209 1150 intra

65 1179 172 1237 vallum
191 1177 221 1235 et
240 1173 310 1233 foris
331 1172 524 1232 caederentur.
559 1172 623 1231 Hac
643 1191 674 1232 ra
694 1175 822 1247 probata,
849 1174 1007 1233 exercitum
1029 1174 1130 1245 educit,
1153 1175 1208 1233 lli·
1230 1179 1248 1234 5

63 1261 280 1320 tbrobarzancm
305 1255 483 1330 persequitur
510 1258 637 1326 tantum3
669 1256 717 1329 qui
750 1275 813 1315 oum
842 1257 877 1315 ad
908 1257 998 1316 hostis
1030 1260 1205 1331 pervenerat,

63 1345 200 1403 Datames
221 1341 305 1414 sigua
325 1339 423 1398 inferri
442 1338 530 1397 iubet.
565 1339 679 1398 Pisidae
699 1356 772 1398 nova
792 1357 824 1398 re
845 1340 976 1398 commoti
995 1340 1026 1398 in
1048 1339 1207 1413 opinionem
1229 1343 1248 1400 6

65 1427 253 1495 adducuntur,
273 1423 407 1497 perfugas
421 1422 497 1480 mala
510 1418 564 1480 fide
579 1422 787 1495 compositoque
801 1422 911 1494 fecisse,
934 1425 968 1480 ut
988 1423 1096 1497 recepti
1108 1423 1208 1483 maiori

64 1511 162 1571 essent
184 1505 347 1578 calamitati.
382 1505 509 1563 Primum
530 1520 577 1564 eos
599 1505 774 1564 adoriuntur.
814 1506 860 1563 Illi
882 1523 954 1577 cum,
981 1505 1048 1579 quid
1074 1510 1206 1578 ageretur

64 1595 117 1652 aut
137 1608 224 1666 quare
244 1589 333 1661 fieret,
354 1588 529 1662 ignorarent,
557 1587 651 1646 coacti
670 1591 738 1646 sunt
759 1605 822 1646 cum
848 1589 888 1647 ais
909 1605 1046 1663 pugnare,
1075 1589 1111 1647 ad
1136 1605 1205 1663 quos

62 1674 248 1744 transierant,
275 1673 312 1730 ab
339 1671 430 1744 iisque
455 1674 540 1741 stare,
570 1687 641 1744 qnos
670 1671 857 1744 reliquerant3
888 1672 991 1745 quibus
1020 1688 1084 1731 cum
1111 1672 1206 1731 neutri

63 1759 223 1834 parcerent,
244 1754 372 1815 celeriter
393 1756 461 1812 sunt
475 1753 592 1813 concisi.
627 1753 760 1827 Reliquos
773 1754 886 1813 Pisidas
900 1755 1059 1815 resistentis
1072 1755 1207 1814 Datames
1230 1757 1246 1813 7

63 1840 191 1911 invadit3-
211 1839 299 1913 primo
319 1838 428 1912 impetu
448 1837 537 1910 pellit,
557 1837 694 1909 fugientis
714 1838 901 1911 persequitur,
927 1839 1031 1897 multos
1061 1838 1205 1908 interficit,

64 1926 162 1984 castra
177 1921 301 1981 hostium
322 1921 407 1994 capit.
443 1919 507 1978 reli
522 1920 638 1979 consilio
659 1937 715 1978 uno
730 1923 855 1994 tempore
869 1924 898 1980 et
912 1920 1071 1995 proditores
1085 1921 1207 1994 perculit
1228 1923 1246 1980 8

63 2011 94 2067 et
114 2006 205 2067 bostis
218 2003 382 2079 profligavit
401 2006 438 2074 et,
461 2003 534 2076 quod
556 2004 591 2062 ad
608 1998 760 2077 perniciem
780 2021 860 2062 suam
881 2004 975 2063 fuerat
990 2004 1154 2077 cogitatum,
1178 2004 1207 2062 id

63 2090 101 2149 ad
121 2091 241 2149 salutem
256 2086 404 2146 convertit.
440 2086 501 2157 Quo
516 2103 607 2161 neque
620 2086 732 2145 acutius
749 2087 835 2145 ullius
856 2086 1035 2161 imperatoris
1050 2087 1207 2165 cogitatum

63 2190 155 2247 neque
176 2170 296 2232 celerius
315 2170 424 2228 factum
444 2186 564 2243 usquam
581 2169 709 2242 legimus.
917 2167 919 2171 ’

62 2294 65 2299 Δ
126 2256 174 2314 Ab
193 2256 248 2312 hoc
260 2257 356 2333 tamen
374 2252 435 2311 uiro
450 2252 575 2326 Sysinas,
597 2252 715 2311 maximo
736 2255 808 2310 natu
821 2251 905 2322 filius,
929 2251 1029 2310 desciit
1043 2251 1079 2309 ad
1097 2269 1206 2324 regem·
1229 2250 1246 2317 7

62 2357 120 2414 que
139 2337 255 2397 transiit
276 2339 305 2396 et
331 2337 365 2395 de
386 2334 542 2394 deiectione
562 2335 652 2410 patris
673 2335 782 2393 detulit.
820 2334 881 2405 Quo
911 2334 1011 2393 nuntio
1033 2335 1205 2394 Artaxerxes
1293 2399 1295 2407 ,

64 2423 230 2492 commotus,
252 2420 326 2494 quod
345 2419 536 2491 intellegebat,
559 2419 615 2478 sibi
629 2435 693 2477 cum
712 2417 772 2477 viro
787 2417 855 2475 forti
876 2434 910 2474 ac
930 2420 1046 2493 strenuo
1061 2417 1206 2490 negotium

63 2522 136 2576 esse,
158 2503 214 2578 qui,
238 2520 301 2562 cum
316 2502 479 2575 cogitasset,
500 2501 595 2561 iacere
616 2501 732 2560 auderet
753 2503 782 2559 et
796 2501 875 2575 prius
898 2501 1032 2573 cogitare,
1056 2517 1138 2572 quam
1158 2517 1205 2558 co-

62 2586 129 2648 nari
143 2587 316 2657 consuesset,
331 2584 572 2658 Autophrodatem
585 2584 616 2643 in
631 2583 835 2658 Cappadociam
848 2583 944 2641 mittit.
976 2582 1032 2641 llic
1046 2600 1083 2641 ne
1097 2583 1205 2642 intrare
1228 2585 1246 2642 2

115 2749 138 2799 3.
155 2750 299 2814 ἀειρενιιίιζι
314 2751 404 2813 perrara⁸
414 2747 509 2798 rebus:
525 2743 653 2798 nachdem
669 2760 698 2798 er
709 2743 752 2797 die
764 2744 848 2797 Sacho
860 2744 946 2797 seinos
958 2743 1061 2797 Schwie
1081 2743 1206 2796 arsohnes
1279 2784 1282 2790 .

63 2813 142 2883 aulge
175 2813 227 2866 ben
243 2812 332 2875 hatte;
350 2813 539 2892 silentiarium
555 2816 657 2874 caleret,
675 2810 749 2878 Gonj.
767 2810 828 2864 Fut.
846 2812 943 2863 exact:
960 2825 1037 2863 wenn
1072 2810 1110 2861 ies
1128 2812 1207 2863 untsr

62 2881 110 2935 der
169 2894 222 2945 nge
238 2876 468 2941 talamannia
486 2881 614 2941 relictam,
623 2882 764 2943 faturum,
778 2880 924 2945 prq‘ecreaa
936 2891 972 2929 sc.
984 2893 1054 2941 esse;
1072 2880 1207 2929 consiliam

62 2963 99 3001 ω’
112 2963 201 3080 mro
212 3013 335 3079 protego,
353 3025 382 3062 er
399 3009 477 3063 sollte
495 3009 572 3063 einen
586 3008 695 3062 solchen
710 3010 868 3072 vorstellen3
886 3016 1013 3078 receptas,
1031 3025 1109 3061 wenn
1119 3024 1149 3060 er
1159 3003 1207 3070 43

59 3086 85 3134 ct
102 3095 186 3133 omnes
203 3080 333 3144 confestim
348 3081 426 3143 sequi
443 3091 479 3130 sc.
491 3094 547 3144 par
563 3094 634 3139 esce,-
643 3080 775 3142 fecissent,
795 3075 869 3142 Conj.
886 3074 947 3128 Fut.
965 3078 1062 3137 exact.;
1076 3079 1207 3142 fatorum

59 3160 98 3199 ω’
111 3161 264 3271 §Sisciam
282 3224 311 3262 er
327 3207 443 3274 verfolgt
459 3207 508 3260 ihn
519 3224 577 3272 nur,
594 3207 651 3261 will
662 3207 711 3262 ilm
722 3177 884 3262 absiehtlicir
894 3208 971 3262 nicht
982 3206 1136 3271 erreichen;¹
1146 3223 1207 3260 cum

52 3283 223 3347 pervenerat,
241 3277 271 3328 in
288 3275 347 3328 dem
360 3274 538 3340 'Augenbliclq
555 3275 596 3327 als
613 3290 643 3327 er
658 3304 699 3326 -.

110 3345 134 3396 6.
153 3347 300 3411 composito:
315 3340 385 3395 nach
400 3339 597 3408 Verabredung,
614 3340 782 3408 gewdhnlich
798 3357 831 3394 aa
848 3340 910 3394 oder
927 3345 957 3394 de
976 3357 1071 3408 comp.,·
1089 3345 1165 3400 stare,
1183 3354 1205 3391 s.

57 3409 204 3472 Wdrterb.;
228 3411 326 3476 quobus
344 3425 403 3461 cum
419 3413 509 3460 matri
518 3414 656 3476 parcerent
672 3432 706 3452 =
723 3415 747 3460 et
765 3411 927 3464 camacum
942 3412 993 3459 iic:
1009 3404 1064 3458 und
1081 3404 1114 3457 da
1129 3404 1205 3457 balde

57 3476 184 3530 Paxteien
201 3475 240 3528 aie
257 3475 334 3528 nicht
351 3473 489 3527 schonteu.

93 3546 131 3662 dl.
145 3547 251 3661 tr'graaclit
266 3571 300 3579 -
317 3546 394 3609 ceput,
419 3539 598 3608 asyndetiscb,
622 3556 668 3592 um
690 3539 732 3593 die
755 3539 872 3592 schnelle
888 3535 1140 3604 Auieinandericlge
1157 3552 1203 3590 an-

57 3625 92 3663 au
111 3624 144 3661 eu
173 3625 199 3662 n.

107 3677 204 3735 8.an
227 3688 262 3726 sc.
291 3677 401 3736 romilio,
427 3673 487 3726 Abl.
514 3680 567 3725 von
591 3678 698 3726 acutius
723 3671 872 3739 abhdngig3
898 3677 1050 3740 capriatam.-
1073 3668 1204 3733 Gadanlxa

53 3741 173 3805 ainfal,
181 3744 309 3808 falum:
325 3738 510 3806 Ausft'uhrung.

54 3873 341 3982 offirffidfflnm
350 3871 422 3916 wlrd
436 3881 490 3916 von
503 3872 603 3918 semem
612 3870 732 3916 dlteateu
740 3871 827 3915 sobna
841 3869 911 3915 belm
918 3868 1024 3923 Konige
1037 3868 1204 3914 cenobialis

106 4015 127 4066 1.
145 4016 258 4065 monimo
281 4016 349 4064 nata
372 4013 441 4064 stett
465 4015 598 4064 mocimus
617 4017 693 4071 nata,
716 4009 749 4063 cf.
772 4010 851 4062 Pauo.
875 4011 898 4072 ⁵,
917 4009 945 4069 33
967 4011 1044 4073 quod,
1063 4005 1156 4061 Grund
1172 4023 1205 4058 zu

50 4084 130 4134 mittit
135 4099 144 4142 ;
162 4080 212 4131 sibi
227 4082 356 4145 negotium
372 4095 443 4130 esse:
459 4093 488 4129 er
505 4077 572 4130 habe
590 4093 617 4129 es
636 4093 668 4128 au
686 4077 762 4129 thuu.
