2684 4478
543 216 626 288 xxv.
668 216 858 293 amieos„
1196 217 1255 276 125

112 399 319 459 mutationibus
339 397 511 474 reipublicae
531 398 690 474 perscripta
709 402 785 470 sunt,
807 400 841 457 ut
853 397 925 459 nihil
944 397 975 457 in
995 396 1032 457 iis
1046 415 1112 475 non,
1122 401 1258 473 appareat

113 486 145 543 et
163 481 250 541 facile
271 482 426 541 existimari
439 483 538 557 possit,
562 482 740 556 prudentiam
754 481 953 556 quodammodo
972 498 1033 540 esse
1048 482 1256 543 divinationem.

83 578 86 585 ·
113 566 181 625 Non
199 565 274 624 enim
295 565 392 624 Oieero
413 583 447 624 oa
468 567 569 637 solum,
591 583 663 640 quae
677 565 739 624 vivo
758 583 789 624 se
802 564 975 636 aeciderunt,
997 564 1096 624 futura
1109 563 1256 640 praedixit,

116 649 167 709 sed
187 648 281 720 etiam,
304 665 473 722 quaenunt
493 667 549 709 usu
569 649 695 720 veniunt,
718 647 822 707 cecinit
842 650 876 706 ut
894 651 984 707 uates.

176 731 219 789 De
241 730 347 805 pietate
370 735 465 790 autem
477 732 568 790 Attici
583 732 649 805 quid
663 733 746 805 plura
760 733 991 791 commemorem?
1013 748 1078 789 cum
1097 733 1151 790 hoc
1165 727 1306 806 ipsum17¹

115 830 181 873 vere
195 814 363 886 gloriantem
378 814 514 876 audierim
528 815 558 891 in
572 815 672 874 funere
686 813 786 874 matris
800 831 878 885 suae,
901 831 986 889 quam
1000 813 1099 873 extulit
1120 832 1259 873 annorum

115 914 166 968 xa,
190 897 274 956 annis
293 915 340 956 wrr
359 901 388 956 et
408 916 451 956 nx
465 915 495 958 se
510 915 662 971 numquam
677 915 740 957 cum
754 900 844 957 matre
858 897 890 957 in
904 896 1026 970 gratim
1039 897 1153 970 redisse,
1176 916 1258 957 num·

117 997 202 1053 quom
223 997 287 1039 curn
307 996 404 1039 sorore
424 980 514 1040 fuisso
527 981 558 1040 in
572 980 724 1051 simultate,
747 998 831 1054 quam
852 997 940 1055 prope
963 980 1107 1055 aequalem
1125 981 1257 1040 habehat
1312 1042 1313 1046 ,

118 1062 199 1133 Quod
220 1067 265 1122 est
285 1063 406 1136 signum,
434 1066 485 1123 aut
505 1065 612 1122 nullam
632 1081 764 1138 umquam
783 1063 858 1123 inter
880 1080 927 1123 eos
948 1062 1150 1137 querimoniam
1169 1063 1258 1123 inter·
1288 1063 1307 1121 2

76 1209 77 1212 ,
117 1145 247 1216 cessisse,
263 1149 314 1205 aut
327 1149 403 1205 hunc
419 1163 452 1205 ea
468 1144 557 1206 fuisse
566 1147 597 1205 in
607 1164 675 1206 suos
686 1146 872 1221 indulgentia,
887 1149 929 1218 ut,
946 1163 1016 1220 quos
1027 1164 1122 1206 amare
1134 1147 1257 1220 deberet,
1335 1158 1338 1165 ’

116 1228 205 1287 irasci
220 1229 267 1289 eis
287 1229 367 1289 nolas
389 1229 513 1313 duceret.
553 1230 654 1304 Neque
681 1230 709 1288 id
736 1229 805 1289 iecit
834 1232 938 1289 natura
970 1231 1069 1300 solum,
1092 1248 1260 1305 quamquam
1288 1229 1307 1286 3

118 1327 216 1370 omnes
231 1312 257 1370 ei
271 1329 410 1386 paremus,
433 1313 482 1371 sed
497 1312 582 1371 etiam
597 1313 734 1372 doctrina.
756 1314 831 1371 Nam
851 1313 1011 1387 principum
1031 1313 1260 1388 philosophorum

118 1394 161 1452 ita
181 1397 315 1468 percepta
340 1394 441 1453 habuit
466 1398 627 1470 praccepta,
656 1394 758 1454 uthis
787 1396 934 1456 advitam
959 1395 1112 1468 agendam,
1144 1413 1203 1455 non
1224 1397 1260 1455 ad
1304 1467 1307 1472 ¹

120 1476 339 1536 ostentationem
359 1480 496 1537 uteretur.
899 1531 904 1541 ‚
1006 1480 1010 1487 '

181 1560 269 1619 Moris
286 1560 371 1619 etiam
383 1561 521 1619 maiomm
535 1578 660 1620 summus
673 1560 799 1620 imitator
814 1561 872 1620 fuit
886 1561 1119 1636 antiquitatisque
1136 1555 1309 1634 amator318

119 1659 204 1716 quam
225 1643 293 1702 adeo
314 1643 462 1717 diligenter
481 1643 582 1702 hahuit
602 1643 754 1716 cognitam,
775 1647 809 1704 ut
830 1662 892 1703 eam
911 1647 1002 1703 totam
1015 1645 1045 1704 in
1067 1662 1099 1704 eo
1120 1644 1261 1705 volumine
1319 1689 1331 1727 ὁ

120 1725 289 1800 exposuerit,
313 1743 367 1800 quo
382 1727 568 1800 magistratus
582 1727 730 1801 ordinarit.
752 1728 840 1786 Nulla
862 1728 935 1787 enim
954 1729 1000 1788 lex
1020 1746 1111 1803 neque
1132 1746 1189 1802 par
1209 1746 1259 1788 ne·
1290 1728 1309 1785 2

119 1826 174 1882 que
195 1809 299 1868 bellum
312 1826 403 1882 neque
416 1827 463 1868 res
477 1809 596 1868 illustris
612 1812 655 1868 est
668 1810 766 1885 populi
778 1811 907 1882 Romani,
930 1829 1001 1885 quae
1022 1812 1084 1871 non'
1101 1813 1131 1872 in
1153 1829 1186 1872 eo
1208 1829 1259 1872 suo

120 1894 245 1965 temporo
265 1892 303 1950 sit
323 1895 432 1963 notata,
454 1896 483 1951 et
497 1894 571 1967 quod
585 1892 782 1953 difficillimum
795 1893 858 1966 init,
881 1894 923 1953 sio
937 1895 1108 1955 familiarum
1123 1895 1260 1968 originem

121 1975 274 2046 subtexunt,
296 1977 330 2033 ut
344 1993 378 2034 ex
392 1992 424 2034 eo
440 1976 579 2034 clarorum
593 1975 717 2035 virorum
731 1977 901 2051 propagines
915 1979 1055 2052 possimus
1077 1996 1259 2052 cognoscere.
1318 1976 1320 1980 ’

120 2057 202 2118 Fecit
222 2059 283 2116 hoc
295 2058 369 2125 idem
389 2058 542 2132 separatim
562 2058 593 2116 in
614 2059 677 2118 aliis
697 2059 786 2132 libris,
808 2063 842 2118 ut
861 2062 900 2118 II.
923 2063 1006 2121 Bruti
1025 2065 1129 2136 rogatu
1148 2063 1260 2121 luniam
1290 2058 1309 2116 3

121 2247 265 2303 appareat·
285 2235 346 2291 dass
363 2236 459 2290 darem
482 2236 548 2290 ahos
565 2236 685 2290 deutlich
706 2237 810 2302 erhellt,
833 2238 860 2292 Z.
885 2239 908 2305 ξ.
932 2243 994 2303 7553
1016 2211 1077 2293 otoo¹
1096 2241 1260 2306 castigem

121 2318 191 2380 quae
214 2318 284 2355 uuue
304 2319 361 2356 usu
377 2307 504 2356 aenium:
525 2319 581 2355 was
601 2303 668 2356 heut
688 2320 721 2356 au
738 2303 810 2374 Tage
827 2303 987 2372 (Gegonsatz
1008 2322 1041 2359 ru
1062 2310 1123 2359 vieo
1139 2322 1167 2358 se
1202 2305 1262 2357 sich

120 2366 244 2419 wrrhlich
268 2368 398 2435 ereignet;
424 2373 526 2431 asciuit,
554 2368 596 2422 die
619 2368 715 2423 Orakel
738 2370 785 2424 dor
806 2370 887 2424 Sohar
911 2371 1021 2425 worden
1044 2317 1212 2439 gawdhnlich
1231 2373 1261 2423 in

121 2431 224 2487 Versen
240 2433 407 2502 verkiindigt.
893 2483 895 2487 .
962 2452 965 2457 ·

369 2551 430 2604 cap.
443 2548 527 2595 xvn.
540 2549 617 2596 Scine
630 2549 711 2597 hlehe
724 2561 811 2608 gagen
825 2553 869 2599 dle
882 2553 1016 2608 Soinlgen.

99 2667 102 2673 -
175 2634 197 2684 l.
209 2636 322 2699 melate:
340 2630 420 2685 Liehe
443 2647 476 2684 au
493 2630 543 2683 den
564 2631 704 2700 Seinigem
724 2639 876 2703 gloriantem
894 2639 1037 2701 audierim,
1059 2634 1086 2689 S.
1110 2636 1134 2703 ξ.
1153 2637 1211 2690 733.
1233 2635 1261 2691 Ζ.

122 2698 145 2818 Ξ.
163 2699 225 2759 636;
246 2714 323 2764 quam
339 2702 435 2751 eatulit
452 2714 579 2750 aemorum
595 2701 649 2761 XC,
672 2700 771 2754 welche
794 2717 822 2754 er
844 2702 874 2755 in
894 2702 980 2755 ihrem
996 2705 1037 2755 90.
1054 2701 1137 2756 Jahre
1152 2702 1262 2770 hegrub,

142 2764 191 2831 .§.
208 2767 270 2825 474;
288 2769 363 2817 auum
386 2767 484 2819 Vliet
500 2766 552 2816 LX
567 2793 599 2803 ·-
615 2770 719 2829 redisse,
742 2784 771 2820 er
791 2767 859 2821 habe
875 2768 1001 2822 wthrend
1023 2771 1054 2820 67
1072 2768 1179 2834 Jahron,
1201 2768 1262 2826 di.

121 2828 248 2883 wahrend
263 2830 349 2883 seines
365 2845 468 2896 ganzes
484 2829 594 2894 Lehens,
616 2831 693 2886 nicht
713 2834 810 2900 ndthig
826 2835 934 2902 gehabt,
959 2836 1017 2889 sich
1038 2834 1090 2889 mit
1106 2835 1150 2888 ihr
1167 2851 1260 2890 ausuu-

122 2896 233 2958 sdhnen,
249 2897 307 2950 eino
324 2897 432 2950 mildero
448 2896 591 2964 Wendung
607 2897 663 2952 fiir:
679 2915 708 2952 er
724 2900 765 2953 sei
780 2902 824 2954 nio
841 2902 892 2954 mit
909 2902 996 2955 soiner
1007 2901 1110 2956 hiutter
1127 2905 1261 2972 gaspannt

121 2978 254 3031 gewesen;
272 2980 352 3030 quam
364 2981 447 3032 prope
458 2968 593 3030 aequalem
604 2967 725 3019 hadeom:
742 2967 864 3035 obgleieh
876 2967 914 3021 sie
925 2968 1038 3023 beinahe
1048 2984 1101 3022 von
1113 2969 1264 3023 domselben

121 3030 200 3083 Alter
216 3045 311 3092 waren,
328 3029 384 3082 also
401 3046 430 3082 so
446 3029 525 3096 lange
542 3046 693 3085 zusammen
708 3032 806 3095 lobten.

172 3098 196 3147 2.
214 3103 253 3158 ut,
272 3095 342 3149 verb.
360 3103 393 3149 ut
409 3101 453 3157 eis,
471 3113 543 3163 quos.

173 3164 196 3214 3.
214 3169 327 3215 matura.-
348 3177 397 3214 aus
418 3162 583 3215 natiirlieher
604 3163 772 3232 Zuneigung;
799 3171 931 3220 doctrina:
953 3183 981 3220 es
1002 3183 1058 3220 war
1080 3167 1139 3221 aine
1160 3166 1263 3221 Fmoht

122 3227 208 3281 seiner
219 3228 344 3296 Bildung‚
362 3230 418 3281 also
430 3224 653 3293 aus-Grundsata3
665 3239 789 3300 percepta
805 3235 912 3287 habud:
926 3235 1003 3287 hatte
1017 3233 1076 3287 sich
1091 3263 1126 3272 —-
1142 3234 1262 3301 molgon

121 3294 253 3361 gemacht,
271 3294 297 3348 S,
315 3296 338 3362 ξ.
357 3299 413 3349 757.
432 3295 461 3348 Ζ.
479 3297 501 3364 ξ.
520 3298 577 3349 634.
961 3341 963 3345 .

184 3429 246 3481 cap.
257 3426 356 3472 XVIII.
374 3427 451 3472 scine
465 3427 592 3474 Verneee
607 3430 653 3475 rar
667 3430 715 3476 das
729 3432 887 3476 Altorthum
900 3431 955 3476 und
968 3429 1013 3475 dle
1027 3431 1199 3476 Dlohtkunst.

174 3510 196 3560 l.
213 3509 302 3562 habuit
325 3539 359 3547 —
383 3514 514 3577 cognitam,
541 3509 575 3564 of.
597 3520 722 3581 percepta
748 3516 847 3575 oaorem,
874 3512 937 3582 Cap.
964 3517 1002 3577 17,
1026 3517 1053 3577 33
1078 3518 1218 3577 ordinauit,
1240 3528 1262 3568 s.

121 3572 264 3638 Wdrterb.;
287 3593 315 3630 eo
336 3579 474 3639 uolumine,
495 3575 612 3630 Haunib.
637 3581 675 3641 13,
702 3580 783 3633 imit
801 3581 860 3635 dom
879 3580 950 3633 Titel
972 3583 1077 3633 auualis
1097 3580 1261 3644 bezeichnot3

121 3645 299 3708 magistratus,
318 3641 361 3695 die
378 3648 486 3696 curules
503 3644 628 3697 nimiioh.

171 3710 196 3759 2.
213 3725 262 3762 suo
282 3716 400 3776 tempore,
424 3708 465 3773 da,
482 3725 522 3762 wo
540 3725 568 3762 es
585 3709 632 3763 der
647 3712 707 3766 Zeit
723 3712 792 3767 n'ach
808 3712 981 3779 hingehdrte3
999 3715 1143 3775 subtexuit,
1159 3727 1200 3765 wo
1217 3711 1264 3766 der

120 3771 207 3827 Name
223 3775 295 3827 eines
312 3775 470 3828 berdhmten
486 3775 596 3829 Mannes
615 3782 703 3832 zuerst
718 3780 835 3842 werham,
853 3779 984 3832 schaltete
1000 3794 1029 3830 er
1047 3778 1097 3830 ein

171 3843 195 3892 3.
213 3845 258 3894 hoe
275 3846 348 3903 idem,
367 3842 499 3894 namliah:
521 3843 583 3895 dass
600 3858 629 3896 er
645 3846 696 3899 den
711 3843 764 3898 Urs
784 3861 855 3913 rung
877 3845 924 3898 der
940 3844 1072 3898 Familien
1089 3844 1264 3898 auseinander

121 3909 217 3970 setate3
239 3912 390 3974 separatim,
408 3909 438 3960 in
454 3908 608 3976 Beziehung
624 3910 672 3964 auf
687 3862 805 3965 einaoffre
821 3911 965 3972 Familiam
986 3913 1102 3975 Iustam,
1127 3911 1264 3965 dorselbon

120 3973 231 4039 gehoroe
246 3973 347 4028 Brutus
364 3990 412 4039 an;
429 3980 465 4028 ad
479 3981 545 4029 haue
562 3983 677 4039 aetatem,
695 3993 735 4031 wo
747 3978 855 4031 Atticus
873 3977 928 4031 und
937 3977 1028 4046 Nepos
1045 3977 1148 4043 lobten;
1165 3995 1182 4032 a
1198 3996 1263 4046 quo·

121 4057 173 4106 que
189 4064 223 4083 =
239 4048 263 4093 et
280 4058 296 4093 a
314 4058 365 4108 quo
383 4041 437 4094 und
454 4059 568 4110 quoque,
587 4046 738 4112 quibusque
756 4069 791 4090 =
807 4051 831 4097 et
847 4047 951 4112 quous.
