2684 4478
472 228 578 288 XVIII.
620 227 810 287 EUMIINES.
1178 225 1217 283 85

67 403 110 462 ibi
131 406 322 466 crudebssime
336 425 367 467 se
387 408 486 481 gessit.
511 407 591 468 Petit
605 411 699 468 autern
714 410 751 467 ab
764 409 889 468 Eumene
904 409 1031 479 absente,
1053 425 1089 466 ne
1104 409 1217 481 patere·

67 492 117 547 tur
138 488 264 564 Philippi
284 490 382 549 domus
403 508 438 550 ac
457 491 581 551 familiae
602 491 809 550 inimicissimos
836 492 953 565 sttrpem
981 507 1092 566 quoque
1118 490 1218 549 interi·

66 587 153 642 more,
175 571 317 647 ferretque
339 590 420 648 opem
433 574 530 634 liberis
544 573 707 633 Alexandri.
733 574 823 644 Quam
843 573 954 634 veniam
975 574 1110 644 sisteret,
1134 590 1218 646 quam
1238 573 1259 630 4

68 653 190 729 priunum
212 657 352 716 exercitus
373 659 497 731 pararet,
520 674 590 731 quos
611 657 666 716 sibi
692 657 816 717 subsidio
838 657 999 717 adduceret.
1041 657 1150 730 quue
1173 655 1217 714 fa·
1317 706 1321 715 ,

69 736 153 797 cilius
175 737 292 810 faceret,
314 757 345 799 se
367 739 496 800 omnibus
510 740 671 815 praefectis,
694 739 743 813 qui
763 739 794 799 in
809 740 901 799 officio
922 739 1083 810 manebant,
1106 739 1217 798 misisse

68 819 190 892 litteras,
212 824 247 880 ut
266 822 294 881 ei
312 825 446 897 parerent
467 822 582 897 eiusque
604 823 729 883 consilir's
746 827 904 883 uterentur.
930 822 984 882 His
1005 823 1091 882 rebus
1112 823 1216 881 Eume·
1240 822 1258 877 5
1297 824 1305 845 ·

52 900 121 962 'nes
142 908 288 977 permotus
309 905 400 965 satius
421 906 510 978 duxIt,
533 906 558 966 si
579 905 621 965 ite
633 907 748 966 tulisset
762 906 886 978 fortuna,
909 906 1001 982 perire
1023 907 1094 964 bene
1108 904 1217 963 meribis

69 986 239 1047 referentem
259 989 382 1061 gratiam
403 1006 487 1063 quarn
506 989 652 1062 ingratum
673 989 775 1049 rivere.

131 1071 234 1144 Itaque
255 1072 351 1146 copias
372 1072 523 1143 contrarii,
553 1073 656 1131 bellum
677 1073 812 1132 adversus
834 1072 1013 1146 AntIgonum
1034 1069 1216 1145 compararit.
1240 1065 1258 1133 7

37 1206 40 1211 .
70 1151 152 1222 Quod
173 1171 231 1213 una
252 1158 334 1215 erant
354 1155 523 1214 Macedones
549 1157 705 1229 complures
726 1155 844 1226 nobiles,
867 1155 897 1213 iu
919 1155 954 1213 iis
975 1156 1138 1225 Peucestes,
1169 1152 1218 1226 qui
1296 1150 1299 1154 ’

70 1235 199 1310 corporis
220 1241 317 1297 custos
338 1238 432 1298 fuerat
452 1238 614 1309 Alexandri,
641 1242 702 1297 tum
722 1241 817 1297 autem
840 1237 985 1297 obtinebat
1005 1236 1158 1307 Persidem,
1189 1239 1218 1295 et

69 1318 238 1392 Antigenes,
259 1320 341 1381 cuius
363 1322 416 1381 sub
437 1321 554 1396 imperio
575 1323 698 1396 phalanx
720 1325 782 1380 erat
795 1321 989 1392 Macedonum,
1013 1319 1146 1388 invidiam
1167 1336 1216 1378 ve·

69 1418 146 1474 reus,
169 1420 255 1477 quarn
266 1406 362 1463 tamen
377 1405 500 1478 effugere
515 1421 573 1463 non
587 1406 689 1479 potuit,
712 1404 738 1463 si
752 1404 847 1479 potius
861 1404 922 1478 ipse
938 1403 1098 1476 alienigena
1112 1400 1214 1462 summi

69 1483 182 1561 Imperii
203 1487 352 1560 potiretur,
375 1505 458 1560 quam
480 1487 530 1546 alii
550 1488 743 1559 Macedonum,
773 1503 892 1561 quorum
912 1486 952 1545 ibi
974 1489 1035 1546 erat
1054 1484 1214 1556 multitudo,

69 1566 100 1626 iu
121 1568 268 1644 principiis
288 1570 442 1629 Alexandri
462 1570 574 1630 nomine
594 1571 810 1630 tabernaculum
837 1570 939 1629 statuit
960 1569 990 1628 in
1011 1585 1099 1642 eoque
1121 1569 1219 1627 sellam
1240 1569 1258 1624 2

70 1667 187 1711 auream
208 1669 271 1711 cum
292 1657 403 1728 sceptro
426 1670 460 1712 ac
482 1653 637 1713 diademate
658 1653 742 1713 iussIt
762 1653 838 1727 pond,
866 1670 953 1727 eoque
975 1669 1071 1711 omnes
1093 1650 1218 1726 quotidie

70 1735 231 1807 convenire,
253 1738 287 1795 ut
299 1735 340 1794 ibi
355 1737 388 1796 de
409 1736 525 1795 summis
539 1738 624 1796 rebus
639 1736 759 1796 consilia
773 1740 950 1810 caperentur,
969 1736 1093 1807 credens,
1109 1734 1218 1793 minore
1242 1780 1245 1787 .

70 1833 101 1876 se
130 1817 238 1877 Invidia
258 1818 331 1890 fore,
363 1819 388 1878 si
414 1820 508 1894 specle
533 1819 644 1894 imperii
664 1819 841 1894 nominisque
863 1819 1042 1878 simulatione
1063 1815 1218 1877 Alexandri

69 1900 176 1959 bellum
195 1901 337 1961 videretur
352 1902 552 1962 administrari.
574 1903 654 1973 Quod
669 1903 771 1962 effecit.
792 1904 867 1961 Nam
882 1920 946 1961 cum
960 1919 1018 1961 non
1033 1902 1069 1960 ad
1082 1899 1217 1959 Eumenis
1239 1899 1257 1956 3

14 2004 22 2016 ·
70 1982 219 2058 principia,
242 1984 291 2044 sed
312 1986 348 2044 ad
367 1985 448 2058 regia
466 1985 664 2045 conveniretur
683 1990 768 2060 atque
787 1985 827 2043 ibi
847 1986 983 2044 derebus
1005 1985 1216 2053 deliberaretur,

70 2067 271 2139 quodammodo
293 2069 409 2140 latebat,
433 2086 497 2127 curn
516 2072 613 2128 tamen
633 2087 683 2143 per
705 2087 768 2128 eum
788 2085 877 2128 unum
897 2071 1064 2141 gererentur
1085 2066 1188 2125 omnia.

121 2150 179 2209 Hic
193 2150 224 2209 iu
236 2151 404 2210 Paraetacis
418 2169 482 2211 curn
495 2152 640 2226 Antigono
656 2153 792 2223 confiuit,
809 2168 867 2209 non
881 2151 942 2210 acie
956 2150 1105 2220 instructa,
1122 2148 1216 2208 sedin
1237 2143 1259 2212 8

70 2231 181 2305 itinere,
210 2251 328 2308 eumque
355 2235 426 2294 male
452 2237 600 2310 acceptum
624 2235 656 2294 in
677 2235 798 2295 Mediam
822 2235 976 2294 hiematum
1001 2232 1096 2306 congt
1117 2231 1216 2290 redire.

42 2408 45 2413 ’
120 2413 145 2464 4.
163 2412 247 2472 Quom
262 2417 364 2465 cendam
380 2417 406 2465 sa·
420 2418 512 2466 deret:
533 2430 610 2466 weun
635 2430 664 2469 er
680 2415 724 2468 ihr
743 2414 814 2467 diese
830 2413 905 2467 Bitte
941 2413 1063 2467 ewtthren
1084 2412 1167 2476 welle,
1188 2425 1217 2462 so

56 2481 113 2597 'mig
134 2492 192 2596 er?
207 2497 261 2542 -;·
272 2483 411 2542 accredas,
428 2479 462 2532 cf.
479 2479 570 2533 Them.
591 2483 628 2546 10,
650 2484 677 2544 13
696 2487 746 2549 qur·
761 2483 904 2543 manebant,
922 2430 1020 2533 {uesta
1038 2478 1084 2532 des
1101 2476 1216 2540 Schrift-

70 2560 83 2596 ⁵
121 2613 144 2662 5.
167 2582 228 2663 bene
249 2614 357 2674 mattis,
380 2610 506 2665 Mascul.:
530 2612 622 2677 denen,
645 2612 687 2667 die
712 2614 771 2666 sich
792 2629 838 2667 um
863 2613 912 2666 ilrn
935 2611 1054 2666 verdieut
1079 2610 1218 2678 gemncbt;

68 2680 181 2744 aarum
197 2679 358 2742 referentem.
377 2693 399 2731 s,
416 2677 507 2744 Them.
525 2681 548 2743 8,
566 2683 590 2732 Ἰ.

141 2807 202 2864 bap.
215 2807 274 2854 vn.
287 2808 324 2855 Er
339 2809 429 2855 rdstet
439 2810 498 2856 eleb
511 2821 573 2855 xum
586 2810 687 2866 Kriege
701 2821 790 2867 gagen
802 2811 966 2867 AntIgonus.
982 2809 1034 2855 317
1049 2821 1076 2855 v.
1090 2807 1150 2852 chr.

122 2885 145 2937 1.
163 2888 291 2938 emarcuit
315 2912 344 2922 -
368 2890 534 2954 conparare,
559 2901 589 2940 as
626 2885 739 2950 detiecb,
762 2886 802 2940 ale
824 2885 1000 2939 unmittelbar
1025 2882 1073 2938 auf
1095 2880 1220 2937 einander

71 2948 194 3028 folgend3
214 2968 241 3004 co
275 2954 327 3004 orie
345 2958 439 3014 custos,
462 2950 584 3006 Leibwdc
603 2954 653 3016 ter,
675 2951 822 3020 Adjutant3
844 2956 969 3006 invidiam
985 2969 1093 3005 verens:
1115 2948 1175 3002 weil
1192 2964 1220 3000 er

70 3014 143 3069 Nerd
159 3016 237 3069 besor
288 3035 295 3080 ;
313 3016 394 3070 dovor
410 3018 440 3071 In
452 3017 498 3072 der
508 3017 710 3086 Uebersetnung
722 3023 831 3081 statum
850 3036 931 3087 quom
947 3027 1062 3072 tamena
1082 3031 1220 3085 operabor

38 3136 40 3141 ,
68 3087 166 3151 potuit,
188 3082 239 3136 wie
260 3082 319 3136 sich
340 3083 459 3138 ndmIIch
480 3087 571 3154 spiter
591 3086 685 3152 ergab3
707 3090 811 3154 imperis·
829 3090 970 3154 potiretur,
997 3084 1031 3138 ci,
1078 3099 1117 3152 ys.
1142 3085 1163 3144 1,
1189 3086 1204 3134 4
1211 3100 1218 3145 ;

72 3152 122 3202 clii
136 3151 309 3204 Macedcnum
326 3149 476 3218 Gegensatz
493 3167 547 3205 von
562 3156 625 3220 ipse
644 3151 740 3206 andere
757 3152 875 3206 namIch
891 3167 942 3204 von
960 3151 1011 3204 den
1023 3148 1218 3205 Macedoniarn.

122 3216 147 3267 2.
165 3221 193 3267 in
204 3219 361 3285 principib:
373 3222 516 3285 perempta,
535 3217 582 3271 das
599 3217 818 3287 Hauptquartier,
842 3218 887 3271 ein
924 3234 1009 3271 rosser
1027 3217 1125 3270 offener
1140 3215 1218 3291 Plata

11 3324 14 3329 .
72 3280 218 3351 mles-ger,
241 3297 282 3334 wo
304 3283 334 3335 In
351 3280 397 3336 der
413 3282 494 3337 Mitte
517 3283 564 3337 das
581 3289 753 3352 praetoriam,
777 3283 824 3338 das
848 3284 896 3338 Pel
934 3283 1056 3348 ermcelt
1080 3281 1167 3342 stand,
1191 3295 1220 3332 rn

71 3347 198 3401 walchem
218 3347 261 3401 dIe
284 3347 475 3403 Befehlshaber
497 3349 556 3404 sich
577 3367 611 3404 zu
631 3350 821 3418 Berethungeri
843 3350 1053 3413 versammelten,
1076 3349 1118 3402 die
1141 3345 1218 3400 Feld·

72 3413 180 3469 aeichen
196 3413 255 3467 sich
270 3412 402 3468 befauden
421 3432 447 3468 u.
464 3432 486 3469 ι.
502 3433 534 3470 w.
563 3417 683 3471 Passend
700 3417 748 3470 aui
797 3417 928 3471 ‘echIsche
944 3417 1035 3470 Weise
1051 3415 1219 3480 dbertragen,

71 3481 122 3533 uie
138 3481 208 3534 auch
223 3479 386 3535 Alexanders
404 3481 463 3536 Zelt
484 3483 515 3536 in
538 3482 585 3536 der
601 3483 681 3537 Mttte
703 3484 748 3536 des
789 3500 866 3551 agere
890 3483 1096 3551 arrfgeschlagen
1116 3478 1225 3554 wurdep

71 3563 160 3629 eoque,
177 3546 215 3630 Β.Ι
222 3548 245 3616 5
263 3550 325 3611 547,
343 3552 461 3631 medenas
478 3565 506 3602 er
523 3549 632 3617 glaubte
649 3550 779 3614 ndmlicb5
797 3553 945 3623 Aeneade-r·
955 3565 991 3604 sc.
1004 3551 1103 3616 Mopm‘,
1122 3545 1219 3613 gohbrt

35 3671 40 3681 ’
72 3628 106 3666 m
121 3613 347 3744 ’θωῧῗιιποιὸέἒῖιῗιξ
361 3632 484 3734 wigii
502 3697 531 3736 er
547 3682 585 3736 lm
601 3681 810 3750 Hintergrunde,
828 3681 951 3750 obgloich
967 3711 1010 3736 -.

70 3812 133 3867 cap.
147 3810 220 3857 vul.
241 3810 371 3858 eumenes
392 3812 499 3869 bestegt
517 3814 569 3860 den
582 3815 736 3867 Antigonus
756 3816 804 3861 eui
822 3816 881 3860 dem
898 3813 1019 3859 Marscbc
1041 3813 1096 3858 und
1114 3811 1222 3857 boxlebt

95 3867 197 3913 darauf
208 3866 457 3921 Wlntcrquartiere
469 3871 497 3915 ln
519 3869 626 3924 Persiu
646 3871 689 3915 die
703 3871 871 3916 Macedonien-
891 3870 919 3914 ln
937 3869 1037 3915 seluern
1056 3870 1142 3915 Heere
1164 3878 1221 3914 cor·

94 3922 456 4024 ἓῖξοῑιιιοιὲίἕιῖὴῶίῆῗιιιιιις
470 3926 525 3971 und
534 3927 691 3982 Anugonus
702 3926 894 3981 baebelobtigt,
910 3925 968 3970 dies
977 3937 1012 3971 ιιι
1022 3926 1163 3979 benutzen,
1178 3936 1222 3970 um

121 4047 145 4098 1.
161 4047 191 4097 'ic
201 4046 370 4099 Paraetacis.-
386 4046 425 4099 im
436 4044 527 4100 Laude
540 4047 586 4101 der
598 4048 754 4114 Paraitaken,
773 4049 823 4101 wie
835 4047 951 4102 nachher
968 4065 1001 4102 ee
1013 4051 1114 4111 Medis;
1133 4066 1223 4118 occep-
