2684 4478
485 216 560 276 xlv.
594 215 782 275 DATAMES.
1161 215 1200 273 63
1236 269 1237 272 ,

55 412 145 468 seque
167 397 203 455 ad
222 397 399 459 Artaxerxen
419 402 530 474 legatos
551 400 703 459 missurum
728 399 806 459 dixit.
842 399 889 458 Sic
913 400 1026 470 bellum,
1053 400 1127 474 quod
1152 417 1202 458 rex

56 477 195 570 adversus
215 481 356 541 Datamen
376 486 548 558 susceperat,
571 483 700 543 sedatum
721 486 773 543 est.
809 482 1037 556 Autophrodates
1059 483 1090 541 iu
1109 483 1202 557 Phry·

55 576 138 636 gram
157 579 189 621 so
208 562 325 639 recepit.

122 643 164 702 At
183 662 242 719 rer,
265 648 339 721 qnod
356 647 533 723 implacabile
548 647 641 708 odium
661 647 692 707 iu
704 649 845 708 Datamen
858 650 1031 722 susceperat,
1053 651 1202 723 postquam
1228 647 1251 715 9

25 760 40 765 ·=
58 727 134 786 bello
155 745 219 788 eum
233 730 353 807 opprimi
373 747 431 790 nou
444 747 534 810 posse*
549 731 754 802 animadvertit,
777 730 887 791 insidiis
899 731 1058 791 interficere
1075 731 1200 811 studuit3

59 826 132 884 quae
152 810 199 872 iiie
213 814 361 888 plerasque
383 813 508 873 evitavit.
543 814 632 886 Sicut,
655 831 718 873 oum
739 813 766 873 ei
786 815 948 874 nuntiatum
962 816 1045 886 esset,
1068 815 1203 889 quosdam
1232 818 1250 874 2

59 893 117 953 sibi
128 892 275 968 >insidiam
298 896 346 971 qui
365 896 396 954 in
411 896 564 956 amicorum
579 899 660 956 erant
672 913 799 957 numero.
833 897 877 957 De
891 897 993 971 quibus
1008 897 1081 971 quod
1096 896 1203 955 inimici

59 976 231 1050 detulerunt,
260 980 544 1054 neque'credendum
567 997 658 1054 neque
688 980 894 1054 neglegendum
925 980 1050 1055 putavit:
1083 979 1204 1055 experiri

58 1060 158 1131 voluit,
181 1079 279 1122 verum
298 1062 437 1144 falsumne
459 1063 514 1122 sibi
535 1065 609 1122 esset
629 1064 759 1122 relatum.
795 1065 896 1137 Itaque
921 1079 953 1122 eo
978 1064 1122 1138 profectus
1148 1066 1201 1135 ert,
1232 1067 1250 1122 3

59 1141 91 1203 in
109 1161 166 1218 quo
187 1143 289 1205 itinere
301 1145 414 1205 futuras
435 1145 552 1206 insidias
567 1145 704 1210 dixerant.
728 1146 795 1205 Sed
809 1146 895 1220 elegit
912 1161 1029 1221 corpore
1043 1164 1077 1206 ac
1091 1149 1204 1205 statura

59 1226 232 1288 simillimum
245 1227 291 1287 sui
306 1228 386 1302 eique
406 1227 540 1287 vestitum
554 1245 638 1288 sumn
658 1227 733 1288 dedit
754 1231 839 1304 atque
860 1246 891 1289 eo
912 1231 974 1288 loco
993 1229 1043 1301 ire,
1066 1247 1120 1304 quo
1141 1229 1203 1304 ipse

61 1313 257 1382 consueverat,
279 1311 372 1374 iussit.
407 1312 474 1386 Ipse
495 1313 591 1371 autem
607 1314 714 1371 'ornatu
735 1312 894 1385 vestituque
908 1312 1024 1371 militari
1044 1312 1119 1373 inter
1140 1330 1203 1372 cor·
1232 1316 1252 1372 4
1304 1348 1307 1354 ·

59 1391 140 1466 poris
161 1395 293 1453 custodes
314 1392 369 1453 iter
388 1393 484 1454 facere
505 1393 606 1469 coepit.
642 1393 683 1453 At
703 1394 891 1467 insidiatores,
918 1398 1067 1470 postquam
1087 1395 1118 1454 in
1140 1413 1204 1455 eum

59 1477 156 1536 locum
176 1493 279 1550 agmen
298 1476 434 1551 pervenit,
458 1477 568 1551 decepti
589 1477 684 1536 ordine
706 1480 790 1551 atque
811 1478 917 1537 vestitu
935 1478 1069 1552 impetum
1089 1478 1120 1537 in
1141 1496 1205 1538 eum

60 1558 180 1631 iaciunt,
207 1559 256 1634 qui
280 1560 444 1634 suppositus
473 1563 544 1619 erat.
579 1559 764 1620 Praedixerat
791 1563 885 1620 antem
908 1560 944 1620 iis
968 1562 1111 1632 Datames,
1140 1579 1204 1621 cum

61 1641 165 1716 quibus
188 1641 243 1701 iter
267 1642 400 1714 faciebat,
427 1645 461 1702 nt
486 1643 580 1717 parati
605 1647 700 1702 essent
718 1643 821 1716 facere,
851 1645 926 1718 quod
945 1643 1038 1718 ipsum
1057 1643 1203 1704 vidissent.

61 1726 138 1799 Ipse,
159 1727 194 1784 nt
207 1725 408 1785 concurrentis
417 1725 596 1791 insidiatores
610 1726 733 1785 animum
747 1727 876 1798 advertit,
891 1728 950 1786 tela
963 1727 994 1785 in
1009 1744 1056 1786 eos
1073 1727 1202 1787 coniecit.
1234 1730 1252 1784 5

61 1808 126 1866 Hoc
141 1807 214 1867 idem
228 1825 292 1868 cum
305 1809 431 1868 universi
445 1809 588 1880 deciment,
610 1809 774 1885 priusquam
788 1809 967 1886 pervenirent
984 1810 1020 1868 ad
1034 1828 1105 1883 eum,
1122 1828 1204 1885 quem

63 1890 182 1964 aggredi
202 1891 342 1964 volebant,
366 1891 472 1950 confixi
490 1891 681 1951 conciderunt.

122 1974 182 2033 Hic
194 1976 291 2033 tamen
305 1977 364 2033 tam
379 1973 496 2034 callidus
510 1974 554 2032 vir
567 1978 690 2034 extremo
704 1978 830 2050 tempore
844 1978 945 2050 captus
965 1978 1009 2036 est
1022 1976 1202 2052 Mithridatis,
1210 1973 1253 2043 10

63 2055 264 2129 Ariobarzanis
283 2056 344 2129 filii,
367 2057 440 2116 dolo.
474 2058 603 2131 Namque
621 2057 802 2133 ispollicitus
824 2062 867 2118 est
887 2057 958 2132 regi,
981 2076 1012 2118 se
1033 2076 1097 2118 eum
1115 2059 1204 2117 inter-

64 2138 215 2220 fecturum,
238 2140 264 2202 si
284 2139 309 2199 ei
329 2157 379 2200 rex
400 2140 583 2217 permitteret,
603 2144 645 2212 ut,
660 2142 851 2215 quodcumque
865 2143 957 2212 vellet,
979 2141 1078 2200 liceret
1092 2141 1205 2215 impune

64 2221 167 2294 facere,
189 2222 325 2297 fidemque
345 2224 379 2282 de
400 2241 434 2282 ea
455 2241 487 2283 re
506 2241 584 2305 more
603 2224 756 2283 Persarum
776 2225 875 2284 dextra
902 2223 1032 2284 dedisset.
1067 2225 1151 2283 Hanc
1171 2226 1204 2282 ut
1234 2226 1253 2284 2

65 2305 177 2380 accepit
190 2322 208 2363 a
221 2323 289 2379 rege
303 2306 426 2377 missam,
449 2306 546 2381 copias
566 2309 650 2381 parat
670 2310 700 2366 et
714 2309 816 2366 absens
835 2306 987 2366 amicitiam
1009 2324 1073 2367 cum
1085 2307 1205 2366 Datame

47 2387 149 2461 ·facit;
170 2387 248 2462 regis
261 2389 420 2463 provincias
434 2393 526 2462 verat,
543 2391 660 2450 castella
674 2393 825 2465 expugnat,
847 2398 965 2463 magnas
982 2390 1101 2465 praedas
1118 2390 1203 2464 capit,
1295 2428 1296 2433 κ

65 2487 185 2546 quarum
205 2472 309 2546 partim
328 2472 388 2532 suis
409 2471 547 2547 dispertit,
571 2474 674 2547 partim
694 2474 730 2532 ad
749 2474 888 2532 Datamen
908 2472 1011 2544 mittit;
1039 2471 1102 2547 pari
1124 2473 1205 2531 modo

66 2556 213 2630 complura
233 2556 350 2615 castella
371 2554 398 2614 ei
417 2556 514 2614 tradit.
549 2557 629 2616 Haeo
649 2556 697 2616 diu
718 2555 845 2616 faciendo
867 2555 1008 2630 persuasit
1034 2554 1148 2627 homini,
1174 2556 1206 2616 s'e
1235 2557 1256 2616 3

67 2730 128 2786 cap.
141 2730 189 2776 lx.
213 2731 338 2778 Datames
356 2733 470 2788 entgeht
484 2733 571 2780 durch
588 2733 647 2780 eine
664 2734 749 2788 kluge
762 2733 911 2788 Husregel
928 2732 987 2778 dem
1000 2730 1207 2777 Hauohelmord.

25 2838 28 2843 '
117 2831 140 2894 1.
153 2836 298 2899 plerasque
313 2856 348 2877 ι-
364 2831 566 2888 meistentheils.

116 2899 132 2950 2
157 2899 231 2951 Sicut
248 2912 284 2951 sc.
301 2903 423 2952 adunit:
438 2915 467 2952 so
484 2915 507 2951 a.
523 2899 569 2962 B.;
586 2904 636 2966 que·
650 2906 733 2961 aaut,
751 2899 848 2952 Zusatn
865 2897 911 2950 des
928 2896 1143 2950 Schriftstellers.

116 2966 141 3017 3.
158 2981 185 3017 ao
201 2992 235 3003 -
251 2969 280 3016 ia
296 2982 349 3032 qao
366 2969 471 3019 itinere:
487 2965 577 3030 dahin,
598 2981 638 3018 wo
656 2965 713 3018 ihm
735 2967 898 3030 unterwegs3
912 2966 1029 3030 saturas
1047 2978 1082 3015 sc.
1100 2967 1125 3015 ei
1139 2980 1208 3016 aare:

10 3067 12 3075 ·
67 3046 94 3084 eo
110 3034 179 3084 loco:
195 3046 229 3083 an
245 3029 292 3083 der
307 3030 390 3084 Stelle
407 3031 451 3085 des
469 3031 547 3098 Zugs.

116 3100 141 3150 4.
159 3104 255 3150 ornatu
270 3102 421 3165 castosque
437 3101 562 3151 militari:
582 3098 613 3151 in
629 3097 676 3151 der
694 3097 821 3164 Rfietung
836 3095 891 3149 und
907 3094 1043 3162 Kleidung
1063 3095 1136 3148 eines
1160 3110 1206 3162 ge·

66 3161 172 3216 mainan
188 3161 326 3227 Soldaten3
345 3168 432 3232 caruca
449 3179 485 3217 sa.
495 3168 648 3230 fauentem
667 3167 798 3224 vidissent,
817 3160 891 3230 conj.
908 3161 969 3214 rut.
987 3164 1069 3215 exact.

116 3233 141 3282 b.
158 3234 274 3283 camum
296 3234 407 3284 advertit
423 3255 457 3275 =
474 3235 665 3295 barbadorum
682 3234 845 3298 priusquam
860 3232 1035 3297 pervenirent,
1058 3227 1086 3282 S.
1106 3228 1130 3295 fi.
1150 3229 1208 3280 ola

66 3294 95 3349 Ζ.
110 3295 136 3362 ξ.
154 3298 211 3360 5¹16,
228 3296 324 3363 gehdrt
340 3296 369 3350 in
386 3295 436 3350 den
452 3296 588 3350 Naohsatz
606 3313 639 3350 au
655 3300 753 3364 coaptat.

149 3426 210 3482 cap.
222 3426 254 3472 X.
280 3429 404 3474 Datames
418 3429 489 3474 wtrd
502 3439 556 3475 von
569 3392 741 3474 mithridates
756 3425 902 3472 dherltstet
917 3426 972 3471 und
986 3427 1129 3482 gorangon.

64 3594 89 3647 v
117 3529 140 3604 ¹:
157 3529 232 3646 Eiet.
249 3529 305 3592 sor,
322 3530 481 3590 Mithridati,
495 3543 555 3581 vom
566 3526 753 3596 Standpnnkte
771 3525 816 3580 des
828 3525 1037 3580 Schriitstellere
1048 3541 1109 3587 aus;
1118 3527 1209 3592 fidam.-
1266 3520 1269 3546 ⁷

89 3608 158 3648 orsio
177 3608 268 3660 erung.

115 3663 140 3712 2.
158 3662 235 3714 Hanc
253 3689 287 3699 -
308 3665 429 3714 missum:
453 3660 502 3713 Ala
525 3675 553 3713 er
575 3659 647 3713 dieee
671 3659 755 3712 durch
776 3659 819 3713 die
839 3657 942 3711 Rechts
963 3656 1135 3724 beglauhigte
1156 3657 1207 3709 Zu-

63 3725 210 3794 sicherung
226 3725 396 3792 zugeechicht
416 3726 536 3780 erhalten
551 3726 640 3789 hatte;
663 3731 781 3779 matram
798 3730 904 3787 motare,
928 3721 1019 3784 δεξιὰν
1036 3728 1072 3776 πέ
1091 3743 1162 3789 cerv,
1180 3739 1208 3775 es

97 3791 182 3847 schah
194 3792 279 3845 dieses
291 3792 375 3845 durch
386 3793 613 3847 stellvertretende
625 3793 759 3846 Personen
771 3790 912 3849 oderauch
922 3789 993 3843 wohl
1005 3746 1091 3842 durcii
1099 3789 1183 3843 schrii
1196 3817 1207 3830 ·

78 3859 83 3870 “
100 3859 134 3914 he
152 3858 295 3925 Meldung3
307 3864 416 3927 portata,
435 3859 493 3914 adv.
512 3859 563 3926 aig.
578 3884 612 3904 =
624 3866 736 3928 partam,
755 3857 837 3912 daher
853 3857 904 3913 mit
924 3856 983 3910 dem
1000 3855 1066 3909 Gen.
1082 3857 1175 3924 partit.
1199 3884 1201 3888 v

113 3928 138 3980 3.
156 3928 229 3980 Haec
246 3930 294 3979 diac
308 3930 443 3988 sacrando:
468 3925 584 3980 daduroh
605 3925 666 3979 dass
687 3941 716 3979 er
731 3945 776 3988 —-;
791 3928 927 3992 persuasit
942 3953 976 3960 -
992 3923 1151 3990 fiberaeugte
1172 3939 1208 3987 er,

63 3992 147 4047 daher
164 3992 211 4045 der
221 3992 284 4045 Ace.
295 3990 393 4053 o.inf.;
411 4010 471 4046 com
487 3997 565 4046 nitito
582 3997 664 4060 magis
676 4020 708 4030 -
738 3996 827 4045 atiud:
845 3988 977 4053 wahrend,
989 3988 1078 4042 indem
1090 4006 1119 4045 er
1130 3990 1207 4043 eben·

62 4059 195 4126 eowenig;
212 4076 282 4126 arpa,
300 4057 329 4110 in
345 4057 515 4111 feindlichem
532 4058 621 4122 Sinna,
639 4058 689 4110 wie
731 4059 763 4111 lc.
780 4061 804 4122 4,
823 4061 846 4110 4.
