2684 4478
124 223 162 281 88
522 219 629 280 XVIII.
675 218 865 278 EUMENES.

121 405 243 479 parebat
257 403 397 462 omnibus.
439 401 629 461 Imminebant
644 400 717 459 enim
731 401 874 473 Seleucus,
888 402 1083 476 lysimachus,
1099 406 1274 466 Ptolemaeus

125 487 226 564 opibus
240 486 297 545 iam
311 488 447 556 valentes,
470 502 534 544 cum
556 483 658 558 quibus
674 483 701 543 ei
713 484 747 542 de
761 484 876 544 summis
890 486 976 545 rebus
991 489 1054 546 erat
1074 487 1279 548 dimicandum:

83 572 104 630 4
124 571 179 630 Sed
195 586 253 629 non
269 569 348 644 passi
363 567 475 640 suntii,
498 567 546 642 qui
562 567 639 626 circa
653 568 744 638 erant,
766 568 840 640 quod
853 568 995 640 videbant,
1017 571 1143 630 Eumene
1157 575 1273 646 recepto

127 647 217 712 omnis
231 670 300 728 prae
313 653 362 713 illo
378 651 460 726 parvi
473 650 594 710 tuturos.
620 650 687 723 Ipse
708 653 803 709 autem
815 651 979 724 Antigonus
999 653 1068 712 adeo
1091 657 1153 713 erat
1173 655 1273 715 moen-

126 755 184 808 eus,
206 739 241 794 ut
260 736 317 796 nisi
337 752 441 808 magna
461 751 511 809 spe
532 733 715 793 maximarum
736 750 831 793 rerum
850 734 940 794 leniri·
956 751 1015 794 non
1035 739 1141 810 posset.

85 817 123 886 11
168 822 270 893 Itaque
284 837 350 878 cum
364 836 428 878 eum
440 817 472 876 in
486 817 642 877 custodiam
657 815 787 888 dedisset,
803 820 833 877 et
846 817 1007 892 praefectus
1022 821 1170 879 custodum
1184 839 1273 896 quae-

127 903 220 974 sisset,
243 901 474 976 quemadmodum
488 898 596 960 servari
609 901 701 971 vehet,
723 899 763 958 Ut
777 899 954 971 acerrimum,
975 901 1076 976 inquit,
1096 904 1208 963 leonem
1222 906 1274 964 aut

126 986 332 1046 ferocissimum
354 985 542 1059 elephantum.
584 983 717 1042 Nondum
738 982 813 1042 enim
832 986 983 1055 statuerat,
1001 986 1188 1046 'conservaret
1208 1005 1274 1052 eum

87 1070 105 1127 2
127 1087 226 1131 necne.
247 1068 387 1130 Veniebat
401 1070 496 1127 autem
510 1067 546 1125 ad
559 1066 713 1125 Eumenem
727 1070 877 1140 utumque
893 1083 984 1140 genus
998 1068 1150 1141 hominum,
1174 1072 1203 1128 et
1224 1070 1274 1145 qui
1293 1060 1301 1071 ’

127 1157 244 1229 propter
259 1152 352 1211 odium
363 1151 490 1210 fructum
504 1149 592 1209 oculis
608 1166 642 1208 ex
656 1148 716 1208 eius
731 1167 801 1210 casu
815 1166 916 1224 capere
930 1151 1043 1223 vellent,
1065 1155 1094 1212 et
1116 1153 1165 1227 qui
1184 1170 1272 1229 prop·

127 1240 174 1296 ter
185 1238 310 1296 veterem
324 1233 477 1293 amicitiam
491 1232 612 1307 colloqui
626 1233 822 1307 consolarique
837 1235 986 1307 cuperent3
1007 1234 1090 1294 multi
1106 1235 1200 1307 etiam,
1223 1236 1274 1312 qui

129 1319 190 1379 eius
204 1319 323 1377 formam
337 1334 509 1391 cognoscere
522 1316 683 1386 studebant,
706 1317 798 1392 qualis
819 1319 903 1386 esset,
926 1320 1080 1391 quantam
1095 1318 1144 1378 diu
1157 1321 1274 1394 tamque

129 1403 209 1462 valde
229 1401 399 1473 timuissent,
420 1401 503 1462 cuius
516 1399 548 1459 in
562 1398 687 1474 pernicie
701 1400 823 1475 positam
843 1417 922 1474 spem
941 1399 1108 1461 habuissent
1124 1401 1271 1462 victoriae.

88 1486 107 1543 3
128 1486 169 1544 At
181 1486 331 1556 Eumenes,
355 1501 419 1544 curn
433 1483 539 1543 diutius
553 1483 584 1542 in
599 1482 700 1544 vinclis
720 1486 803 1555 esset,
826 1482 868 1541 ait
882 1482 1068 1555 Onomarcho,
1088 1502 1175 1560 penes
1189 1502 1273 1560 quem

129 1586 238 1628 summa
259 1568 370 1642 imperii
383 1571 445 1627 erat
466 1566 620 1637 custodiae,
643 1583 674 1625 se
695 1566 800 1637 mirari,
823 1583 909 1641 quare
930 1566 987 1624 iam
1006 1567 1124 1627 tertium
1144 1569 1216 1628 diem
1230 1569 1273 1629 sic

130 1654 289 1711 teneretur:
310 1669 369 1711 non
390 1652 464 1710 euim
484 1651 538 1708 hoc
552 1648 702 1710 convenire
716 1649 855 1723 Antigoni
867 1649 1042 1724 prudentiae,
1063 1653 1097 1710 ut
1118 1651 1273 1712 sic-deute-

68 1810 71 1815 ¹
90 1733 110 1790 4
131 1737 210 1793 retur
231 1734 319 1805 vict03
342 1733 411 1806 quin
431 1736 482 1793 aut
501 1732 624 1792 interfici
638 1735 689 1791 aut
701 1732 819 1792 missum
832 1731 895 1792 fieri
908 1732 1028 1792 iuberet.
1049 1735 1105 1793 Hic
1120 1752 1184 1794 cum
1197 1735 1273 1796 fero-

131 1817 193 1876 cius
214 1816 390 1875 Onomarcho
411 1815 489 1891 loqui
508 1815 659 1887 videretur,
682 1816 755 1886 Quid
775 1817 827 1876 tu?
848 1815 950 1890 inquit,
972 1816 1065 1877 animo
1087 1817 1113 1877 si
1126 1817 1182 1876 isto
1198 1836 1273 1890 eras,

131 1917 183 1959 our
197 1916 254 1958 non
267 1899 298 1957 in
311 1899 417 1973 proelio
432 1897 559 1958 cecidisti
572 1898 675 1972 potius,
695 1916 779 1972 quam
792 1899 823 1958 in
838 1900 1007 1972 potestatem
1021 1899 1128 1960 inimici
1141 1902 1273 1961 venires?

91 1982 109 2040 5
131 1983 207 2042 Huic
226 1983 377 2053 Eumenes,
404 1982 520 2041 Utinam
541 1982 652 2057 quidem
671 1982 749 2042 istud
774 1983 926 2043 evenisset!
955 1982 1005 2042 sod
1026 2000 1058 2043 eo
1079 2001 1138 2043 non
1159 1984 1272 2056 accidit,

132 2066 206 2139 quod
227 2083 379 2140 numquam
399 2083 464 2125 cum
476 2063 594 2125 fortiore
607 2083 670 2125 sum
684 2082 864 2138 congressus.
884 2066 952 2124 Non
968 2066 1042 2125 euim
1056 2084 1120 2127 cum
1134 2084 1274 2143 quoquam

104 2203 108 2209 .
132 2166 211 2208 arma
226 2149 340 2220 contuli,
363 2147 432 2222 quin
451 2149 476 2208 is
490 2147 559 2207 mihi
572 2149 770 2220 succubuerit3
790 2164 849 2208 non
863 2148 938 2208 enim
951 2149 1055 2209 virtute
1069 2151 1201 2223 hostium,
1224 2151 1273 2212 sed

92 2230 110 2288 6
131 2233 286 2292 amicorum
299 2233 416 2307 perfidia
430 2231 529 2291 decidi.
544 2233 644 2306 Neque
654 2232 683 2291 id
695 2232 798 2291 falsum
810 2274 920 2290 ......
935 2233 1011 2291 Nam
1025 2236 1054 2292 et
1064 2234 1203 2308 dignitate
1218 2235 1275 2294 ant

131 2317 251 2376 honesta
270 2319 299 2374 et
318 2315 427 2376 viribus
441 2316 477 2374 ad
489 2316 616 2374 lahorem
629 2315 775 2375 ferendum
788 2315 885 2386 firmis,
908 2333 998 2389 neque
1011 2319 1072 2375 tam
1085 2334 1187 2391 magno
1210 2334 1275 2378 cor-

131 2416 200 2474 pore
221 2416 305 2472 quam
325 2399 419 2472 figura
439 2401 568 2458 venusta.
1156 2417 1158 2422 ·

91 2476 131 2548 12
194 2483 237 2543 De
250 2485 303 2541 hoo
317 2482 480 2556 Antigonus
495 2499 559 2541 oum
572 2483 651 2540 solus
666 2481 839 2541 constituere
851 2496 910 2540 non
924 2483 1049 2554 auderet,
1072 2483 1109 2542 ad
1125 2484 1275 2543 consilium

182 2661 206 2712 4.
223 2663 251 2722 ii,
274 2664 324 2726 qus·
343 2665 410 2715 circe
432 2667 522 2714 erant·
541 2659 614 2712 seins
637 2656 811 2724 Umgehung;
832 2675 901 2726 pree
922 2662 983 2711 illo:
1002 2659 1041 2711 im
1061 2658 1278 2726 Vergleichniit

132 2724 202 2795 ihm3
218 2733 316 2794 recepto
332 2751 367 2770 =
383 2731 408 2780 si
421 2732 541 2804 receptas
562 2732 639 2789 esset5
660 2728 741 2794 perot·
772 2731 875 2787 eeteros,
899 2723 927 2778 S.
944 2725 967 2792 ᾗ.
987 2726 1045 2778 492.
1068 2724 1096 2778 Ζ.
1113 2727 1136 2794 g.
1156 2728 1206 2779 444
1212 2745 1220 2790 ;
1243 2731 1277 2780 set

133 2795 234 2844 nisi-
249 2809 318 2845 nos:
333 2792 394 2847 dass
411 2809 440 2846 er
455 2791 533 2846 nicht
548 2790 643 2845 andere
659 2791 707 2854 als,
725 2806 740 2843 o
758 2806 787 2843 er
803 2790 864 2843 dass
880 2806 909 2844 er
924 2807 982 2844 nur.

396 2892 457 2946 cap.
470 2890 517 2935 XI.
534 2889 662 2936 ltumenes
675 2889 704 2935 ln
717 2891 766 2935 der
779 2889 1012 2945 demngeuschert.

58 2980 62 2986 ·
137 3011 139 3015 ,
184 2960 206 3011 1.
219 2962 361 3025 quaesisset
373 2973 409 3010 sc.
421 2960 452 3010 ob
465 2959 603 3024 Antigona
621 2957 949 3023 quemadmoduosssreari
959 2971 995 3009 sc.
1007 2961 1169 3011 emeellet:
1186 2957 1277 3013 wiser

32 3021 36 3028 ’
133 3023 180 3142 {hu
197 3023 324 3142 3222&
341 3023 482 3092 (hewacht)
497 3022 585 3076 haben
603 3023 720 3091 (wissen)
732 3022 823 3086 ruello,
840 3022 869 3076 Ζ.
886 3023 910 3090 5.
927 3026 989 3087 6113
1006 3039 1099 3078 moero.-
1115 3023 1179 3077 oder
1189 3024 1275 3091 nicht,

180 3090 206 3210 ἓ.
216 3159 358 3224 fractum:
375 3153 492 3218 Genuss;
514 3160 608 3222 etqui
622 3186 656 3194 -
671 3161 696 3209 et
710 3159 775 3234 qai:
795 3154 884 3208 solche
900 3154 1007 3218 welche,
1026 3153 1107 3208 daher
1123 3155 1170 3211 der
1187 3155 1276 3226 Oonj.;

133 3229 221 3343 {eald
229 3245 238 3308 1'
238 3222 303 3343 3{rie
319 3223 349 3276 in
365 3223 453 3276 seiner
468 3227 592 3275 dusseren
609 3220 807 3289 Erscheruung3
821 3225 935 3290 positam
950 3223 1110 3284 debuissem,
1128 3222 1155 3277 S.
1176 3225 1200 3293 §-
1218 3227 1276 3278 727.

180 3293 207 3412 Ξ.
225 3361 298 3425 qais,
308 3354 443 3418 vielmehr,
456 3354 484 3407 Ζ.
493 3353 517 3422 ξ.
530 3356 587 3419 542,
603 3352 631 3406 in
642 3353 758 3407 direkter
769 3352 853 3406 Reda:
870 3358 938 3422 qoem
954 3371 994 3408 me
1005 3383 1038 3392 —
1050 3355 1149 3418 trebeta
1166 3361 1277 3410 masam

130 3429 190 3489 sieri
204 3423 346 3487 entlassen,
363 3437 417 3489 erg.
435 3438 470 3474 se.

182 3495 206 3545 4.
221 3494 342 3555 ferocius,
361 3505 394 3542 nu
410 3487 519 3554 trotsig.

183 3562 206 3611 5.
224 3561 330 3618 contuli,
348 3571 369 3608 s.
386 3554 530 3618 Wdrterb.;
547 3557 642 3609 dedda
658 3569 712 3607 von
727 3552 828 3605 meiner
843 3551 933 3615 Hdhe;
954 3540 1124 3620 gew'dhnlich
1139 3553 1208 3608 wind
1226 3553 1277 3608 dae

133 3641 201 3690 „von
218 3640 258 3677 wo
275 3622 371 3676 herab“
391 3621 453 3675 oder
470 3620 517 3675 das
535 3620 654 3682 „wolin”
673 3619 867 3686 hinzugesetnt
900 3620 994 3688 Neque
1017 3625 1045 3675 id
1058 3625 1165 3687 salsum
1182 3636 1218 3674 sc.
1239 3628 1278 3674 est

131 3697 204 3760 qaod
219 3695 309 3744 discit...
337 3688 388 3742 Die
404 3687 494 3741 deke
510 3687 548 3740 ist
564 3690 632 3741 etwa
649 3701 678 3739 eo
695 3684 874 3740 ausaufhlleu:
896 3701 973 3740 wenn
994 3703 1022 3740 es
1040 3686 1070 3740 in
1087 3687 1134 3740 der
1148 3686 1278 3741 Schlaoht

134 3775 194 3811 zum
209 3754 377 3877 {gsshhagrpie
390 3755 461 3873 gam,
483 3770 538 3807 war
561 3753 618 3806 ihm
634 3752 725 3806 keiner
740 3750 903 3820 gewechsen‚
921 3752 978 3806 und
993 3769 1064 3807 suar
1079 3770 1135 3808 war
1158 3753 1278 3807 dissum

133 3841 163 3878 so
180 3841 213 3880 au
271 3839 303 3877 en
322 3838 357 3876 er.
417 3837 469 3874 enn
484 3851 518 3860 —

131 3942 195 3995 can.
208 3939 269 3985 ΧΠ.
282 3938 419 3992 Eumenes,
434 3948 487 3982 von
495 3935 647 3992 Antigonus
661 3945 722 3982 sum
730 3933 907 3990 Hungertode
920 3933 1065 3990 bestimmt,
1080 3935 1151 3982 wli-d
1160 3946 1215 3982 ron
1224 3937 1276 3983 den

158 3997 304 4044 thohtern
316 3995 477 4041 erdrossslt.
571 4009 574 4015 ·

187 4067 208 4118 l.
226 4068 262 4118 ed
277 4067 413 4116 remilium
429 4064 535 4115 retati:
549 4058 659 4113 brachte
674 4073 703 4111 er
714 4056 756 4111 die
768 4057 853 4112 Sache
863 4073 912 4111 vor
924 4057 974 4112 den
985 4057 1161 4126 Krlegsrsth3
1174 4065 1279 4129 primo.-
