2684 4478
129 239 167 296 50
399 318 401 321 ι
545 242 594 300 nr.
621 240 856 300 marcuinus
943 278 946 284 .

86 413 129 488 10
192 419 326 478 Confecta
342 421 434 492 caede,
451 438 515 481 curn
528 421 676 482 multitudo
691 421 799 481 visendi
812 420 907 494 gratia
920 420 1074 492 introisset,
1089 418 1225 479 nonnulli
1234 419 1272 476 ab

104 560 105 564 ,
126 499 225 560 insciis
246 520 298 577 pro
318 503 409 562 noxiis
427 504 634 567 conciduntur
652 506 736 576 Nam,
760 504 844 563 celeri
864 521 976 564 rumore
997 503 1091 574 dilato,
1113 501 1200 562 Dioni
1213 501 1273 560 vim

127 583 251 656 allatam,
273 586 355 646 multi
376 591 588 661 concurrerant,
611 588 713 663 quihus
732 589 791 646 tale
804 587 916 647 facinus
930 586 1105 661 displicebat.
1138 585 1178 644 Hi
1191 585 1268 644 falsa

90 667 108 724 2
129 667 290 742 suspicione
314 669 393 729 ducti
407 670 591 732 ,immerentes
612 673 646 730 ut
667 672 820 730 sceleratos
837 670 978 729 occidunt.
1010 669 1103 728 Huius
1125 668 1158 727 de
1179 671 1272 727 morte

126 752 159 808 ut
179 753 274 825 palam
293 751 401 811 factum
423 755 475 825 est,
499 753 663 813 mirabiliter
684 753 763 828 vulgi
782 756 893 812 mutata
908 756 953 813 est
964 753 1106 812 voluntas.
1131 752 1207 809 Nam
1221 751 1272 826 qui

126 832 220 892 vivum
241 853 305 895 eum
325 838 478 910 tyrannum
497 836 666 908 vocitarent,
692 836 781 896 eidem
801 835 980 895 liberatorem
1001 835 1110 909 patriae
1137 833 1271 908 tyranni·

126 933 180 990 qne
201 919 377 993 expulsorem
396 918 608 993 praedicabant.
647 919 694 978 Sic
714 919 807 979 subito
828 919 1019 978 misericordia
1039 917 1101 978 odio
1122 934 1271 976 successe-

125 1001 180 1071 rat,
202 1003 236 1060 ut
251 1019 314 1060 eum
328 1017 380 1060 suo
396 1002 535 1075 sanguine
550 1003 586 1061 ab
599 1004 772 1074 Acherunte,
788 1001 815 1062 si
828 1004 952 1076 possent,
974 1004 1110 1076 cuperent
1122 999 1269 1060 redimere.

86 1081 104 1138 3
127 1083 227 1157 Itaque
247 1084 278 1144 in
299 1086 369 1144 urhe
391 1086 569 1145 celeberrimo
590 1087 663 1158 loco,
685 1087 777 1145 elatus
797 1085 918 1160 publice,
944 1083 1066 1162 sepulcri
1086 1085 1270 1142 monumento

125 1165 246 1226 donatus
266 1169 319 1226 est.
339 1167 421 1227 Diem
436 1168 505 1227 obiit
520 1168 633 1228 circiter
646 1186 737 1228 annus
752 1187 794 1228 nv
809 1171 904 1240 natus,
926 1170 1060 1243 quartum
1072 1169 1138 1242 post
1152 1183 1269 1237 annum,

126 1266 219 1322 quani·
231 1269 265 1310 er
283 1250 478 1325 Peloponneso
499 1251 530 1310 in
550 1251 675 1310 Siciliam
694 1251 825 1321 redierat.

491 1379 558 1451 XI.
600 1378 903 1452 IPHIORATES.

48 1548 51 1553 .
84 1493 103 1561 1
188 1498 377 1559 Inmoaunns
403 1499 584 1560 Atheniensis
605 1517 663 1559 non
688 1501 747 1558 tarn
774 1497 967 1572 magnitudine
991 1515 1086 1557 rerum
1111 1500 1268 1572 gestarum,

35 1581 208 1687 Qstquam
228 1580 377 1664 dpsciplina
395 1582 512 1642 militari
531 1583 698 1643 nobilitatus
718 1585 772 1642 est.
796 1582 865 1641 Fuit
887 1581 962 1641 enim
983 1581 1049 1640 talis
1070 1582 1134 1653 dux,
1157 1582 1270 1639 utnon

125 1665 216 1722 solum
237 1665 340 1724 aetatis
361 1683 429 1724 suae
452 1666 634 1741 cumprimis
656 1668 874 1740 compararetur,
897 1664 946 1724 sed
965 1681 1001 1723 ne
1020 1664 1173 1723 maioribus
1195 1667 1268 1722 natu

84 1747 103 1803 2
125 1745 236 1820 quidem
255 1748 404 1822 quisquam
425 1752 653 1822 anteponeretur.
689 1749 811 1808 Multum
831 1765 897 1808 vcro
917 1747 949 1806 in
969 1748 1042 1808 bello
1064 1750 1108 1806 est
1127 1748 1268 1817 versatus,
1304 1824 1305 1827 Ἴ

125 1846 209 1903 saepe
230 1830 400 1890 exercitibus
422 1832 558 1905 praehdt3
584 1849 724 1907 nusquam
745 1833 829 1906 culpa
849 1833 921 1891 male
941 1848 1001 1890 rem
1029 1831 1127 1904 gessit,
1157 1846 1269 1903 semper

126 1911 244 1971 consilio
265 1913 334 1972 vicit
354 1916 520 1989 tantumque
546 1933 578 1975 eo
604 1915 703 1987 valuit,
734 1916 768 1974 nt
796 1916 885 1977 multa
910 1913 941 1972 in
964 1931 997 1973 re
1020 1913 1136 1972 militari
1162 1911 1269 1987 partim

83 1982 199 2053 &nova
219 1997 355 2069 attulerit,
378 1997 481 2071 partim
500 1999 616 2059 meliora
642 1997 750 2058 fecerit.
792 1998 921 2072 Namque
948 1996 995 2055 ille
1019 1996 1160 2071 pedestria
1187 2013 1269 2054 arma

47 2086 49 2091 ’
124 2078 253 2138 mutarit
286 2081 355 2139 cun
370 2082 436 2140 ante
451 2081 530 2140 illum
543 2082 740 2157 imperatorem
753 2081 881 2140 maximis
897 2079 1003 2155 clipeis,
1018 2079 1151 2139 brevibus
1163 2077 1266 2150 hastis,

63 2226 66 2231 ,
123 2161 240 2222 minutis
261 2163 361 2236 gladiis
383 2166 538 2237 uterentur,
562 2165 608 2225 ille
628 2163 822 2246 egontrapiq
831 2165 936 2238 peltam
957 2179 1007 2237 pro
1027 2180 1125 2236 parma
1146 2161 1214 2221 fecit
1236 2163 1268 2238 (a

125 2261 186 2318 quo
200 2248 301 2318 postea
320 2248 459 2321 peltastae
481 2249 593 2323 pedites·
608 2245 809 2325 appellantur),
831 2249 864 2305 nt
884 2247 920 2304 ad
940 2248 1034 2305 motus
1056 2261 1268 2319 concursusque

84 2326 104 2383 4
124 2332 220 2388 essent
233 2329 361 2402 leviores,
376 2331 477 2389 hastae
490 2332 604 2391 modurn
616 2330 777 2406 duplicavit,
793 2330 902 2404 gladios
916 2328 1059 2403 longiores
1075 2328 1153 2388 fecit.
1189 2327 1269 2386 Idem

301 2474 361 2529 dap.
373 2472 406 2519 X.
433 2473 501 2518 Dlon
514 2472 585 2518 wlrd
598 2473 741 2518 hstrauert
754 2473 810 2518 und
821 2472 1091 2527 zuruengewiinssnt.

178 2559 199 2609 1.
217 2561 315 2618 insciis,
337 2557 380 2610 die
401 2556 478 2610 nicht
493 2557 524 2609 in
543 2555 586 2609 die
603 2555 815 2625 Verschwdrnng
830 2554 1044 2623 Eingeweihten;
1066 2559 1142 2608 celera·
1162 2570 1269 2607 ramore

125 2627 211 2684 dilato,
230 2623 375 2686 „nachdem
391 2639 420 2676 es
437 2623 496 2676 sich
512 2621 614 2676 schnell
631 2623 803 2687 verhreitet“;
820 2627 928 2676 allatam
939 2637 976 2676 sc.
988 2639 1055 2685 csse,·
1073 2628 1104 2674 at
1122 2625 1268 2682 sceleratos,

125 2688 166 2742 als
183 2688 233 2754 die,
251 2690 350 2743 welche
367 2689 413 2743 das
430 2689 597 2743 Verbrechen
613 2690 714 2743 veriiht
1284 2740 1286 2743 ,

176 2758 200 2808 2.
217 2759 605 2824 Hailosdemortc=quomodo
611 2758 923 2819 matumcssmcicam,
933 2752 1269 2816 wthrendseinesLehens,

124 2821 167 2875 als
177 2837 206 2875 er
222 2820 292 2875 noch
302 2822 381 2888 lehte,
404 2823 499 2876 immor
511 2821 550 2875 im
567 2821 716 2890 Gegensatz
733 2822 784 2875 mit
805 2829 937 2889 aarum,
961 2822 1037 2874 sonet
1051 2825 1155 2882 niveam
1175 2823 1267 2880 eidem,

124 2887 221 3011 {forffio
237 2883 306 3008 d{e.¹
320 2891 363 2942 Sic
378 2887 455 2942 nicht
465 2904 499 2942 su
509 2889 604 2952 aeota
622 2888 735 2942 sondern
752 2905 786 2942 an
802 2887 861 2942 dem
876 2902 980 2955 ganzen
997 2886 1089 2948 ὅπως
1112 2891 1137 2939 si
1152 2892 1269 2954 possent,

152 2994 159 3007 .
212 2970 234 3008 c.
252 2964 276 3018 ·,
310 2994 316 3008 .
621 3003 624 3007 ,
1016 3004 1020 3013 .

176 3024 199 3074 3.
216 3023 372 3076 aaomrmo
396 3025 463 3076 loco.-
477 3037 517 3087 ⁴an
539 3021 625 3074 einen
641 3020 687 3074 der
702 3021 890 3075 hesuchtesten
914 3020 1020 3084 Plttze;
1043 3025 1131 3074 chalce
1148 3020 1272 3086 publice:

125 3087 215 3140 wurde
231 3086 281 3140 auf
295 3087 482 3142 Smmhosten
497 3087 630 3155 begrabeu
647 3087 702 3141 und
717 3106 764 3151 -;
776 3092 843 3141 dam
860 3089 927 3150 olid,
946 3089 994 3140 353
1014 3104 1039 3140 v.
1057 3085 1119 3140 Chr.

412 3184 416 3195 ι
1187 3163 1194 3188 ί

571 3203 619 3256 XL
641 3203 820 3257 laureandas.

125 3287 187 3341 (lup.
200 3286 222 3332 1.
248 3287 409 3341 Iphicrates,
424 3285 468 3330 eln
477 3286 625 3332 hesenders
635 3286 722 3331 durch
731 3287 804 3330 selue
813 3285 934 3332 Elnsieht
943 3285 1181 3341 ansgezeiohneter
1190 3282 1270 3327 Feld-

149 3343 335 3453 ffigksffilg
348 3341 517 3442 vsffiglffich
540 3351 608 3387 nene
628 3341 812 3397 hrundnngen
829 3343 884 3386 und
906 3342 1149 3395 verhessernngon
1167 3339 1196 3383 in
1219 3340 1271 3384 der

178 3486 200 3536 l.
216 3499 266 3536 noa
282 3489 336 3534 tom
351 3509 385 3518 —-
402 3466 490 3547 quom,
508 3479 580 3532 scine
596 3477 788 3546 Kriegsthaten
805 3495 893 3534 waren
905 3478 1033 3532 ehenfalls
1051 3478 1112 3531 sehr
1127 3494 1212 3546 gross,
1223 3477 1270 3531 be-

125 3550 246 3604 rtihmter
262 3548 325 3601 aber
336 3546 374 3599 ist
390 3562 420 3599 er
435 3545 574 3613 geworden
592 3545 676 3598 durch
692 3545 764 3598 seina
780 3544 968 3612 Kriegskunst,
992 3550 1057 3599 disci
1075 3550 1129 3599 linc
1146 3546 1270 3607 milior&

127 3623 157 3670 dc
173 3617 314 3670 mattridus
331 3620 414 3666 ncta:
430 3628 481 3666 von
498 3613 549 3665 den
560 3611 696 3665 Friiheren
712 3612 870 3682 iiberhaupt,
887 3612 964 3666 nicht
976 3628 1010 3665 an
1023 3611 1040 3664 J
1090 3629 1123 3665 en
1134 3612 1271 3676 Aelteren,

126 3684 176 3738 wie
194 3684 270 3736 sonst
285 3685 368 3735 maior
384 3685 451 3733 octa
468 3672 646 3746 gewiihnlich3
662 3683 693 3731 de
709 3677 758 3732 hat
773 3678 832 3731 hier
867 3679 995 3732 nrtitiven
1012 3676 1086 3732 Sino.

108 3753 112 3801 l
159 3753 183 3803 2.
201 3753 321 3802 adelaid
338 3777 369 3825 ⁸-
381 3750 482 3814 fecerat,
500 3745 533 3799 cf.
550 3744 621 3798 Miro
640 3749 665 3808 5,
682 3748 712 3796 5:
729 3761 796 3798 neue
811 3695 994 3812 Erindungen
1010 3745 1115 3799 machte
1132 3745 1186 3798 und
1203 3745 1271 3798 Ver·

107 3808 304 3891 [haeserungen
321 3812 463 3866 emfiihrte.

108 3894 112 3922 ¹
177 3886 200 3936 3.
212 3887 345 3950 pedestria
363 3897 454 3932 armo:
469 3877 621 3932 Bewuffnun

625 3894 644 3998 ἒ
662 3877 707 3931 des
724 3876 882 3941 Fussvolks3
900 3880 961 3953 {ech
971 3894 1037 3946 pro:
1057 3877 1273 3951 erugo—Qaqqtte

126 3981 159 3990 -·
175 3950 289 4011 mit.‚-;
307 3965 324 4000 o
359 3963 400 4008 ao,
417 3961 517 4009 weron,
535 3960 651 3998 wonec.
929 3956 951 3963 --

153 4009 200 4068 “4.
217 4022 297 4083 atquc
314 4030 342 4066 er
371 4012 465 4065 lirend:
482 4011 612 4074 nimlich;
631 4019 656 4064 et
668 4028 719 4129 fico
737 4017 814 4065 sertis
838 4041 869 4049 —
891 4015 998 4063 timeas.-
1026 4011 1136 4072 erstere,
1157 4007 1271 4066 Ketton-

127 4099 230 4154 pancer,
248 4080 395 4161 hestauden
408 4095 455 4132 aus
468 4078 559 4142 Leder,
573 4080 624 4132 mit
635 4077 669 4131 Sc
690 4094 777 4146 uppen
790 4093 841 4130 von
852 4075 935 4130 Bloch
946 4076 1008 4130 oder
1019 4077 1070 4129 mit
1080 4075 1273 4142 ketteufdrmig
1314 4153 1320 4161 ι
