2684 4478
160 212 200 270 82
560 210 625 270 VH.
666 209 900 268 ALCIBIADES.
944 221 951 235 ⁴

159 407 222 451 aum
244 393 404 465 pervenisse
426 393 612 464 crediderunt,
636 394 789 463 absentem,
812 392 885 465 quod
899 410 982 451 sacra
1002 392 1145 462 violasset,
1166 408 1246 450 reum
1258 390 1305 449 fe-

160 478 269 533 cerunt.
286 475 347 544 Qua
362 477 395 535 de
409 495 440 536 re
456 494 519 534 curn
534 476 560 535 ei
574 475 691 534 nuntius
707 475 908 548 amagistratu
922 475 953 533 in
966 475 1090 533 Siciliam
1102 475 1205 533 missus
1216 477 1304 545 esset,

158 560 193 616 ut
213 558 323 616 domum
338 559 374 617 ad
388 576 502 618 causam
524 559 669 618 dicendam
683 558 794 629 rediret,
812 561 941 631 essetque
956 559 986 616 in
999 574 1104 630 magna
1119 575 1169 632 spe
1185 556 1304 631 provin-

159 638 219 698 ciae
230 642 301 699 bene
312 640 558 713 administrandae,
570 658 628 700 non
637 658 736 715 parere
751 641 843 699 noluit
854 644 884 698 et
897 641 928 698 in
937 637 1087 710 triremem,
1104 658 1176 714 quae
1191 640 1303 699 adeum

117 722 138 781 4
160 727 222 781 erat
243 723 446 797 deportandum
465 725 560 796 missa,
583 725 718 784 ascendit.
750 724 814 782 Hac
829 724 947 782 Thurios
962 724 993 782 in
1005 723 1119 782 Italiam
1140 724 1301 798 pervectus,

6 838 9 843 ·
38 820 89 869 ει.
157 807 247 864 multa
267 824 362 866 secum
375 810 511 901 ἕψῃ-ηε
527 808 561 866 de
574 806 757 865 immoderata
772 806 874 866 ciuium
888 824 1003 865 suorum
1016 806 1133 865 licentia
1147 805 1302 865 crudelita-

157 891 241 962 teque
252 908 321 962 erga
334 890 451 960 nobiles,
467 889 646 949 utilissimum
656 892 745 960 ratus,
761 889 965 963 impendentem
977 889 1081 949 evitare
1092 890 1299 963 tempestatem,

3 1034 14 1051 .·
132 966 136 983 '
158 973 231 1030 clam
242 991 282 1053 ⁵„sp
295 974 339 1047 ‚ab
362 973 524 1031 custodibus
543 973 680 1047 spbduxit
699 975 728 1030 et
747 971 811 1030 inde
832 972 952 1046 primum
965 972 1081 1042 Elidem,
1104 972 1169 1031 dein
1187 972 1302 1030 Thebas

29 1108 32 1113 .
116 1057 134 1115 5
155 1055 242 1114 venit.
256 1057 412 1129 Postquam
427 1059 520 1114 autern
534 1073 565 1115 se
577 1055 678 1129 eapitis
687 1055 857 1125 damnatum,
873 1055 955 1114 bonis
965 1055 1126 1129 publicatis,
1139 1054 1245 1114 audivit
1258 1058 1298 1125 et,

157 1138 185 1195 id
199 1139 273 1211 quod
287 1157 341 1196 usu
358 1140 481 1208 venerat,
500 1138 680 1212 Eumolpidas
692 1138 851 1196 sacerdotes
864 1139 994 1213 apopule
1010 1142 1133 1208 coactos,
1155 1142 1189 1197 ut
1203 1155 1234 1196 se
1246 1136 1305 1211 de:

25 1203 105 1317 st
156 1224 298 1300 rppepent,
323 1220 438 1294 eiusque
452 1220 607 1280 devotionis
623 1237 677 1295 quo
691 1221 823 1279 testatior
838 1224 912 1280 esset
927 1222 1068 1291 memoria,
1090 1222 1246 1305 Qimpm
1265 1218 1300 1279 in

45 1328 90 1383 Α
155 1304 214 1376 pila
227 1305 338 1378 lapidea
352 1304 472 1362 incisum
482 1322 545 1363 esse
558 1305 682 1378 pesitum
696 1303 726 1361 in
736 1303 858 1379 publico,
873 1305 1111 1364 Lacedaemonem
1121 1302 1298 1376 demigravit.

116 1387 134 1445 6
154 1386 208 1456 Ibi,
227 1390 260 1445 ut
274 1386 335 1460 ipse
349 1387 512 1462 praedicare
527 1390 720 1458 consueverat,
739 1403 796 1445 non
811 1387 944 1446 adversus
959 1387 1088 1460 patriam,
1105 1387 1155 1445 sed
1169 1386 1299 1445 inimicos

156 1486 223 1528 suos
244 1471 347 1528 bellurn
368 1470 465 1543 gessit,
488 1470 562 1544 qnod
582 1470 671 1529 eidem
691 1472 786 1529 hostes
804 1473 903 1529 essent
925 1469 1049 1528 civitati:
1072 1487 1138 1528 nam
1160 1487 1224 1528 curn
1250 1467 1297 1527 in-

34 1628 37 1633 ,
156 1554 331 1627 tellegerent,
359 1571 389 1612 se
415 1554 566 1627 plurimum
593 1553 725 1626 prodesse
750 1569 833 1625 pesse
859 1553 1039 1627 reipublicae,
1070 1570 1103 1611 er
1124 1570 1158 1611 ea
1179 1551 1299 1611 eiecisse

117 1634 134 1695 7
155 1636 274 1709 plusque
293 1636 353 1694 irae
375 1653 443 1695 suae
460 1654 544 1708 quarn
558 1636 678 1695 utilitati
692 1634 832 1694 communi
846 1636 983 1710 paruisse.
1004 1637 1106 1708 Itaque
1127 1635 1210 1699 huius
1226 1651 1297 1693 con-

156 1718 218 1776 silio
239 1718 454 1777 Lacedaemonii
475 1736 539 1777 curn
558 1720 647 1777 Perse
661 1736 728 1792 rege
743 1719 895 1777 amicitiam
910 1719 1047 1788 fecerunt,
1069 1719 1134 1777 dein
1147 1719 1298 1777 Deceleam

156 1801 187 1859 in
211 1801 310 1859 Attica
337 1801 500 1860 munierunt
525 1801 720 1875 praesidioque
744 1802 785 1859 ibi
811 1805 947 1876 perpetuo
975 1802 1067 1876 posite
1088 1802 1119 1860 in
1150 1801 1297 1861 obsidione

156 1885 284 1943 Athenas
308 1887 470 1942 tenuerunt.
524 1884 656 1943 Eiusdem
682 1902 768 1959 opera
792 1885 903 1943 Ioniam
927 1903 945 1943 a
969 1885 1105 1944 societate
1131 1887 1298 1943 averterunt

155 1967 378 2026 Atheniensium.
413 1967 482 2037 'Quo
502 1966 577 2025 facto
599 1969 686 2026 multo
709 1968 868 2042 superiores
888 1970 959 2026 bello
982 1986 1044 2027 esse
1066 1971 1227 2042 coeperunt.

115 2047 135 2118 5
214 2051 313 2124 Neque
327 2067 392 2109 vero
406 2050 451 2109 his
464 2051 549 2109 rebus
559 2054 618 2109 tam
632 2051 715 2109 amici
724 2051 865 2110 Alcibiadi
876 2055 945 2110 sunt
957 2051 1035 2129 facti,
1052 2068 1136 2124 quarn
1145 2050 1247 2110 timore
1258 2052 1297 2109 ab

155 2151 187 2192 eo
203 2133 328 2193 alienati.
362 2134 436 2191 Nam
451 2151 514 2192 cum
528 2133 656 2192 acerrimi
677 2133 731 2192 viri
750 2137 941 2209 praestantem
955 2134 1132 2208 prudentiam
1152 2134 1183 2192 in
1205 2132 1297 2192 omni-

154 2219 208 2276 bus
229 2219 314 2276 rebus
335 2220 546 2289 cognoscerent,
570 2216 784 2290 pertimuerunt,
806 2235 841 2276 ne
856 2217 975 2276 caritate
994 2217 1103 2290 patriae
1125 2218 1226 2275 ductus
1242 2217 1298 2275 ali·

157 2301 266 2374 quando
289 2302 324 2358 ab
338 2300 408 2373 ipsis
423 2300 591 2360 descisceret
605 2304 634 2358 et
648 2318 711 2359 curn
725 2301 784 2359 suis
798 2300 829 2358 in
843 2301 965 2374 gratiam
979 2301 1092 2359 rediret.
1107 2301 1208 2373 Itaque
1222 2304 1297 2359 tem-

114 2385 133 2445 2
155 2401 209 2456 pus
224 2384 284 2442 eius
297 2383 488 2442 interficiundi
502 2401 635 2456 quaerere
650 2383 844 2442 instituerunt.
863 2383 896 2441 Id
911 2383 1072 2442 Alcibiades
1087 2383 1193 2442 diutius
1209 2383 1297 2442 celari

155 2483 213 2525 non
233 2467 335 2540 potuit.
357 2467 428 2524 Erat
448 2466 522 2525 eninr
537 2484 571 2526 ea
584 2466 749 2540 sagacitate,
772 2470 806 2526 nt
826 2467 918 2540 decipi
931 2484 988 2524 non
1003 2469 1106 2540 posset,
1130 2467 1298 2540 praesertim

155 2642 299 2706 Wdrterb.,·
312 2649 461 2712 provinciae
477 2647 536 2698 bene
549 2650 782 2699 odtrrimlcmamdce:
799 2644 850 2697 den
861 2645 917 2697 ihm
929 2644 1102 2712 gewordenen
1113 2643 1230 2710 Austrag
1246 2648 1299 2712 gut

155 2710 345 2773 auszuf'uhren3
357 2727 405 2763 mon
411 2729 507 2788 perere
517 2716 616 2765 molum:
628 2712 717 2764 wollte
729 2727 757 2764 er
768 2711 1029 2778 nichtuugehorsam
1041 2712 1112 2774 sein;
1130 2716 1158 2763 m
1169 2717 1299 2764 triremem

105 2839 108 2846 Ι
156 2781 275 2840 ascendit,
292 2776 459 2842 geudhnlrch
475 2795 566 2830 manem
582 2783 753 2831 conscendore.

206 2846 229 2894 4.
246 2860 307 2909 erpa
323 2845 432 2895 nobiles:
449 2844 478 2895 in
494 2843 663 2896 feindlichem
674 2842 769 2903 Sinum
787 2847 904 2896 Elidem:
919 2843 978 2896 hier
995 2843 1037 2897 die
1049 2843 1129 2897 Stadt
1145 2843 1212 2908 Elis,
1230 2843 1298 2898 doch

156 2908 216 2961 kam
233 2925 261 2960 er
278 2908 423 2974 cigentlich
440 2909 509 2962 nach
527 2909 635 2976 Cyllene
652 2911 690 2962 irn
706 2908 797 2962 Laude
813 2910 878 2962 Elis.
904 2951 907 2956 .

206 2978 228 3026 5.
246 2981 279 3034 et,
297 2979 325 3026 m
339 2979 410 3042 quod
421 2993 474 3028 asu
486 2984 605 3028 venerut:
621 2993 675 3029 was
687 2977 808 3029 wirlrlich
839 2976 966 3029 eschehen
977 2993 1038 3041 war,
1057 2977 1118 3030 dass
1136 2995 1182 3038 -;
1200 2993 1252 3043 qao
1264 3001 1299 3021 τε

156 3043 374 3109 setempublica
392 3058 412 3093 s.
431 3041 575 3106 Wdrterb.;
593 3049 747 3111 exeraplam,
766 3059 786 3094 s.
803 2993 933 3096 virmero.

206 3111 229 3159 6.
242 3125 269 3159 se
280 3123 315 3160 sc.
329 3110 484 3161 Alcibiadem
496 3125 543 3161 aus
555 3114 610 3177 ipse
622 3126 655 3161 zu
666 3110 836 3173 entnehmen3
854 3127 887 3162 ea
899 3127 929 3162 ea
941 3114 1041 3163 eiecisse
1054 3125 1089 3162 sc.
1102 3127 1143 3162 eos
1156 3113 1298 3174 (immicos)

157 3173 197 3228 als
214 3172 287 3239 Subj.
306 3191 330 3226 u.
347 3192 374 3226 ae
390 3177 570 3237 (Alcibiadem)
587 3176 626 3228 als
645 3173 739 3243 Object
756 3192 790 3228 zu
805 3176 905 3244 suppl.;
918 3182 985 3244 plac
1002 3199 1036 3217 =
1052 3193 1093 3227 ma
1112 3181 1142 3227 r‘s.

207 3244 349 3318 Altaque,
368 3239 520 3308 Folgerung
536 3258 584 3295 aus
601 3245 696 3295 bellam
709 3247 801 3310 pessit:
818 3260 877 3295 curn
889 3245 971 3295 Perse
988 3260 1054 3309 repe,
1073 3196 1110 3295 ed
1121 3242 1211 3294 Them.
1224 3245 1250 3307 8,
1268 3246 1298 3305 2;

156 3310 274 3427 ssememt
294 3309 331 3359 ist
347 3306 444 3360 Darius
461 3307 568 3361 Nothus
588 3312 721 3363 423-404
744 3325 767 3361 v.
791 3307 868 3370 Chr.;
890 3312 1031 3371 Deceleam,
1056 3307 1098 3361 die
1115 3308 1299 3375 griechischen

180 3376 316 3426 rtsnamen
332 3372 379 3425 aul
394 3395 436 3426 era
453 3374 538 3427 haben
553 3376 591 3427 inr
607 3375 710 3428 Latein.
729 3374 772 3427 die
788 3374 883 3427 Endun
904 3390 937 3427 en
953 3382 984 3428 ea
1002 3374 1057 3427 und
1073 3384 1112 3433 ia:
1122 3378 1248 3440 fecerunt
1265 3404 1299 3413 -

155 3445 307 3494 munierunt
328 3470 361 3477 -
382 3447 523 3517 tenueram
550 3472 578 3478 —
607 3449 768 3503 coemeram,
796 3443 840 3494 ein
865 3390 967 3493 adoher
994 3441 1170 3507 Gleichklang
1194 3443 1223 3494 in
1248 3441 1300 3494 den

156 3505 403 3625 Enrssurigendfindet
420 3506 478 3559 sich
493 3507 537 3560 bei
549 3507 599 3560 den
610 3508 786 3561 lateinischen
798 3507 1010 3561 Sehriltstellern
1023 3508 1098 3560 diter.
1117 3510 1171 3568 Quo
1181 3511 1249 3573 facto
1263 3533 1297 3552 =

156 3589 185 3627 1n
225 3588 284 3640 oga
319 3588 402 3625 essen.

157 3673 218 3727 cap.
231 3672 262 3716 V.
283 3672 314 3716 ln
326 3671 427 3725 Sparta
444 3671 604 3727 geldrehtet
623 3674 717 3729 beglbt
736 3673 794 3719 sloh
807 3671 960 3718 Alclbludcs
975 3684 1034 3718 zum
1049 3684 1121 3728 pers.
1134 3673 1300 3717 scstcualrei·

181 3729 383 3830 'llissgpherneff
402 3728 597 3773 unterhandelt
619 3742 672 3774 ven
696 3731 759 3774 dert
782 3740 831 3773 ans
852 3729 900 3772 mlt
920 3731 971 3774 den
985 3732 1123 3775 Athonern
1138 3730 1193 3774 und
1207 3728 1300 3775 erhtilt

181 3797 224 3830 ern
256 3796 357 3829 0111111811
379 3796 402 3828 0.

208 3857 229 3906 1.
247 3854 340 3918 Neque
363 3869 434 3912 cero,
464 3865 493 3903 so
510 3851 610 3911 immor,
637 3868 682 3903 uni
704 3850 897 3919 anzulrniipfen,
923 3852 1000 3907 nicht
1021 3872 1071 3907 mom
1093 3870 1165 3913 ecre,
1192 3857 1301 3905 cardiace

151 3926 256 3991 patriae
274 3923 387 3971 ductus:
413 3933 461 3972 aus
484 3917 564 3970 Liebe
581 3934 614 3969 zu
635 3918 736 3970 seinem
757 3918 927 3982 Vaterlande,
959 3919 985 3972 S.
1008 3921 1032 3988 ᾗ.
1057 3923 1112 3972 504.
1140 3917 1167 3969 Ζ.
1191 3918 1213 3984 ξ.
1239 3922 1300 3981 7183

155 3996 264 4053 tempas,
283 3985 410 4052 giustige
428 3983 609 4051 Gelegenheit.

205 4058 228 4104 2.
246 4056 331 4114 celum,
350 4051 376 4104 S.
395 4052 418 4119 ξ,
435 4055 493 4104 424.
510 4051 537 4104 Ζ.
558 4053 580 4119 ξ.
599 4054 660 4114 391;
674 4058 832 4119 praesertim
850 4069 926 4105 cum:
943 4051 1030 4104 zumal
1049 4066 1133 4103 wenn.
