2684 4478
493 226 577 287 xxv.
618 226 786 285 terreus.
1118 222 1208 317 ἰιι

61 405 178 482 Neroni
210 407 337 466 Drusilla
365 410 446 480 nato,
483 407 612 481 privigno
645 425 711 479 suo,
745 407 906 482 despondit3
941 425 1014 482 quae
1049 406 1211 468 coniunctio
1307 478 1311 485 ὁ

61 489 303 549 necessitudinem
324 491 422 551 eorum
435 491 545 563 'sanxit
566 489 787 550 femssiaritatem
806 489 926 549 reddidit
944 490 1172 564 frequentiorem.

82 607 85 612 -
130 571 264 642 Quamvis
279 576 346 632 ante
360 567 430 633 haec
446 573 598 648 sponsalia,
614 590 672 633 nou
682 576 773 633 solum
784 574 895 632 cumab
905 573 976 632 urbe
990 574 1111 646 abesset,
1126 571 1259 641 num-20

62 671 151 728 quam
171 656 208 713 ad
228 670 344 715 suorum
365 674 531 730 quemquam
551 657 662 716 litteras
676 657 761 728 misit,
783 655 852 730 quin
865 656 963 715 Attico
984 656 1118 728 mitteret,
1141 656 1209 732 quid
1278 719 1279 722 ,

52 740 175 810 ageret,
204 737 354 815 inprimis
380 740 446 812 quid
466 740 582 812 legeret,
608 740 764 813 quibusque
789 739 820 798 in
840 739 911 799 locis
932 741 963 798 et
982 739 1113 813 quamdin
1135 743 1217 800 esset.

47 818 236 896 moraturus,
259 824 309 881 sed
330 822 415 881 etiam
429 840 492 881 cum
507 825 583 882 esset
596 822 627 880 in
641 824 712 882 urbe
726 826 755 882 et
768 825 884 897 propter
897 820 1024 882 infinitas
1039 841 1107 882 suas
1122 840 1207 882 occu·
1239 825 1258 883 2

62 902 197 977 pationes
210 903 304 964 minus
318 904 511 979 saepe‚·quarn
524 906 616 976 vellet,
637 905 734 964 Attico
749 907 901 977 frueretur,
921 904 1016 964 nullus
1030 905 1089 965 dies
1103 908 1209 965 temere
1314 975 1316 978 Α

62 985 237 1058 intercessit,
260 1004 315 1062 quo
337 1004 399 1051 non>
415 990 452 1046 ad
472 1006 537 1047 cum
555 989 700 1060 scriberet,
724 1006 787 1047 cum
801 989 882 1047 modo
903 987 1008 1062 aliquid
1029 988 1064 1048 de
1084 987 1209 1062 antiqui·

62 1066 179 1128 tate'ab
201 1087 233 1150 eo
247 1070 413 1145 requireret,
434 1071 515 1130 modo
531 1071 653 1145 aliquam
667 1071 860 1146 quaestionem
873 1071 1014 1145 potticam
1028 1072 1055 1131 ei
1068 1088 1207 1147 propone-

62 1154 120 1223 ret,
142 1152 283 1212 interdum
296 1154 395 1213 iocans
410 1154 473 1214 eius
484 1154 790 1214 verbosioreselicerot
802 1153 945 1228 epistolas.
967 1156 1011 1213 Ex
1025 1171 1080 1228 quo
1096 1153 1207 1225 accidit,
1239 1157 1257 1213 3

63 1251 131 1293 cunr
152 1234 229 1294 aedis
244 1236 320 1296 Iovis
333 1237 454 1317 Feretrii
474 1237 505 1296 in
520 1237 667 1312 Capitolio,
689 1238 725 1296 ab
742 1236 1045 1314 Romuloconstituta,
1067 1240 1220 1298 vetustate-

63 1319 153 1391 atque
174 1317 286 1377 incuria
306 1319 416 1378 detecta
433 1321 636 1393 prolaberetur,
658 1323 692 1380 ut
705 1319 797 1379 Attici
811 1321 954 1379 admonitu
969 1321 1072 1380 Caesar
1087 1338 1150 1380 eam
1163 1338 1208 1380 re-
1279 1381 1280 1384 ,

63 1399 216 1470 ficiendam
231 1405 352 1471 curaret.
368 1403 467 1477 Neque
481 1421 547 1462 vero
562 1420 580 1462 a
593 1405 633 1461 ll.
647 1403 771 1461 Antonio
785 1402 879 1463 minus
894 1404 997 1463 absens
1010 1403 1115 1464 litteris
1130 1404 1205 1462 cole·
1238 1405 1259 1462 4

63 1484 161 1554 batur,
185 1484 253 1543 adeo
275 1487 309 1544 ut
329 1488 463 1545 accurate
483 1487 530 1545 ille
552 1504 586 1546 ex
606 1485 712 1545 ultimis
725 1485 823 1558 terris,
844 1485 911 1560 quid
925 1489 1032 1560 ageret,
1055 1504 1140 1545 curae
1154 1484 1209 1544 sibi

63 1567 185 1625 haberet
206 1566 354 1648 certiorem
373 1568 468 1628 facere
487 1569 626 1628 Atticum
646 1569 710 1628 Hoc
731 1570 814 1643 quale
834 1569 881 1641 sit,
903 1569 1016 1628 facilius
1038 1568 1209 1630 existimabit
1239 1571 1257 1629 5

63 1648 101 1719 is,
125 1648 174 1722 qui
193 1648 319 1709 iudicare
339 1652 453 1726 poterit,
476 1654 600 1727 quantae
620 1652 659 1712 sit
679 1652 844 1726 sapientiae,
868 1669 964 1713 eorum
983 1652 1106 1712 retinere
1126 1669 1210 1711 usum
1313 1690 1316 1694 -

64 1731 354 1807 benevolentiamque,
376 1735 451 1793 inter
471 1752 542 1808 quos
562 1734 747 1794 maximarum
761 1753 856 1794 rerum
869 1752 927 1794 non
942 1736 1032 1794 solum
1046 1736 1208 1807 aemulatio,

64 1815 118 1874 sed
134 1816 303 1874 obtrectatio
317 1819 402 1875 tante
413 1817 614 1889 intercedebat,
638 1821 774 1892 quantam
788 1818 845 1878 fuit
857 1818 982 1878 incidere
996 1835 1113 1878 necesse
1133 1817 1208 1890 inter

65 1897 215 1957 Gaesarem
229 1901 314 1973 atque
328 1900 491 1972 Antonium,
514 1917 578 1960 cum
599 1919 630 1961 se
643 1904 763 1975 uterque
782 1900 939 1976 principem
951 1918 1010 1960 non
1024 1902 1116 1961 solum
1128 1900 1208 1960 urbis

63 1980 180 2051 Romae,
202 1982 253 2040 sed
274 1982 349 2043 orbis
369 1985 509 2042 terrarum
530 2001 592 2043 esse
613 1987 738 2057 cuperet.
1262 2026 1264 2031 ·

115 2063 178 2122 Tali
191 2064 271 2123 modo
288 2066 352 2125 cum
365 2084 412 2124 vn
425 2069 455 2125 et
467 2084 531 2125 nxx
546 2084 636 2126 annos
653 2069 828 2142 complesset,
844 2069 929 2140 atque
944 2067 980 2125 ad
994 2068 1146 2127 extremam
1160 2082 1205 2124 se·
1216 2063 1258 2133 21

62 2148 210 2206 nectutem
230 2164 288 2206 non
308 2147 401 2207 minus
422 2146 559 2223 dignitate
581 2167 665 2224 quam
678 2150 773 2223 gratia
788 2150 959 2223 fortunaque
974 2148 1109 2208 crevisset
1122 2149 1207 2226 (mul-

62 2232 112 2287 tas
134 2228 209 2288 enim
228 2231 399 2291 hereditates
414 2233 493 2291 nulla
507 2234 608 2293 aliare
625 2251 710 2307 quam
722 2231 849 2291 bonitate
863 2234 1033 2290 consecutus
1055 2230 1119 2304 est),
1141 2233 1207 2289 tan·
1289 2236 1291 2240 '

60 2313 152 2385 taque
172 2313 361 2387 prosperitate
381 2331 451 2374 usus
473 2319 548 2375 esset
561 2315 739 2387 valetudinis,
762 2319 796 2374 ut
809 2314 891 2374 annis
911 2333 979 2373 xxx
998 2314 1137 2374 medicina
1149 2329 1209 2376 non
1251 2361 1253 2364 ψ

62 2393 248 2469 indiguisset,
270 2399 373 2473 nactus
392 2400 436 2456 est
449 2399 585 2471 morbum,
608 2416 691 2473 quem
711 2397 793 2458 initio
808 2396 911 2471 etipse
927 2400 956 2457 et
968 2397 1070 2456 medici
1083 2399 1208 2456 contem·
1315 2396 1318 2401 ’

62 2481 193 2553 pserunt.
215 2479 291 2537 Nam
310 2482 449 2554 putarunt
469 2499 530 2541 esse
551 2486 705 2554 tenesmon,
730 2479 777 2540 cui
796 2481 919 2540 remedia
941 2480 1043 2547 celeria
1056 2479 1208 2553 faciliaque
1238 2481 1257 2538 2

63 2562 306 2636 proponebantur.
328 2564 365 2622 In
385 2565 438 2622 hcc
460 2581 524 2624 cum
543 2568 603 2626 tres
624 2582 734 2624 menses
749 2565 810 2624 sine
824 2563 889 2623 ullis
904 2563 1058 2635 doloribus,
1080 2565 1208 2638 praeter·
1238 2563 1257 2622 3

116 2705 177 2759 dep.
190 2703 247 2771 xli.
269 2704 345 2752 Scine
358 2709 502 2753 vertreute
515 2708 715 2755 rreundscnert
728 2708 777 2752 mit
790 2708 933 2762 Angustus
946 2705 1004 2755 'trud
1016 2707 1158 2753 Antonius.

118 2773 140 2824 1.
158 2773 279 2831 Quemvis
296 2801 330 2810 -
346 2775 424 2837 mitat,
441 2773 475 2826 cf.
489 2773 560 2828 Milt.
578 2777 602 2838 2,
620 2776 650 2838 33
668 2779 733 2842 quic
743 2777 831 2828 Attico
842 2779 951 2827 moueret
963 2789 998 2828 sc
1011 2777 1125 2827 litteras:
1141 2772 1209 2825 ohne

65 2853 102 2890 an
116 2835 172 2889 den
187 2837 295 2891 Atticus
312 2854 345 2891 zu
362 2838 513 2904 schreiben3
529 2848 688 2903 moraturus,
707 2841 825 2895 ntrnlich
836 2842 984 2908 Augustus,
1001 2840 1070 2894 auch
1081 2839 1128 2894 das
1140 2839 1208 2893 Sub·

62 2906 121 2972 Ject
138 2919 171 2957 zu
188 2902 238 2957 den
255 2905 373 2972 subrigen
384 2907 487 2959 Verbis.

117 2971 142 3021 2.
158 2986 237 3038 quam
253 2976 345 3024 vellet.-
361 2971 402 3024 uls
419 2988 447 3024 er
463 2973 621 3040 gowiinscht
631 2973 716 3038 bitte,
733 2989 811 3027 wenn
822 2989 850 3027 es
861 2973 979 3040 miglich
995 2989 1115 3041 genesen
1127 2978 1208 3038 wdre;

64 3041 159 3090 uulluc
176 3041 230 3090 dieo
246 3045 345 3099 temere,
363 3037 440 3091 nicht
456 3038 539 3093 leicht
556 3040 600 3092 ein
616 3039 681 3106 lag.
1254 3076 1259 3085 ι

118 3105 141 3156 3.
167 3108 261 3156 scutit
277 3135 310 3142 -
327 3110 365 3166 ut,
390 3103 417 3157 S.
439 3106 462 3172 ξ.
484 3108 542 3158 688.
564 3106 592 3159 Ζ.
614 3107 637 3225 q.
663 3108 725 3170 621;
747 3111 866 3159 aedis=
882 3110 970 3170 aedem
994 3109 1064 3160 Iocis
1086 3109 1208 3170 Feretrii·
1284 3147 1288 3154 .

65 3168 196 3222 Romulus
212 3169 293 3223 baute
309 3169 366 3222 ihm
383 3170 460 3224 einen
471 3171 534 3224 Tem
553 3172 585 3234 el,
603 3188 690 3226 eser
701 3171 750 3225 den
762 3172 852 3239 Kbnig
864 3172 910 3226 der
922 3171 1093 3236 Ctninenser,
1112 3173 1208 3235 Acron,
1266 3202 1268 3205 ·

64 3234 471 3369 ‘'fligtssliatff‘gprssilibmm*
491 3239 514 3290 e'
547 3239 618 3292 allen
634 3238 738 3302 wollte3
760 3243 919 3306 reiciendum
936 3246 1048 3302 curaret,
1073 3239 1100 3293 S.
1118 3241 1142 3306 ἓ.
1159 3241 1209 3291 760

65 3317 103 3354 un
140 3306 153 3352 i
190 3342 196 3354 .
236 3343 241 3355 .
277 3343 283 3355 .
350 3343 356 3356 .
450 3311 466 3327 ”

117 3371 140 3421 4.
158 3370 248 3437 Neque
265 3387 333 3432 uero,
357 3367 390 3422 cf.
408 3371 466 3423 Alc.
484 3374 507 3434 5,
528 3374 555 3432 1;
578 3376 665 3424 miuus
682 3400 715 3411 -
732 3372 879 3426 colebatur:
900 3372 995 3426 ebenso
1012 3371 1102 3424 wurde
1119 3387 1147 3424 er
1163 3387 1209 3438 ge·

29 3475 32 3479 «
64 3434 138 3495 ehrt;
155 3443 274 3488 accurate
290 3437 386 3503 gehbrt
403 3452 436 3489 zu
452 3442 581 3490 certiorem
591 3441 691 3504 fucere.

117 3504 139 3552 5.
157 3504 212 3555 Hoc
229 3507 306 3570 quale
323 3509 373 3556 sit.-
389 3519 443 3555 was
460 3503 507 3556 das
525 3519 607 3572 eugen
623 3504 694 3566 wilh
717 3510 830 3571 quautue
848 3509 998 3574 supientiae,
1023 3504 1050 3562 S..
1067 3505 1090 3571 ξ.
1108 3505 1165 3556 498.
1181 3502 1209 3557 Ζ.

65 3568 89 3634 ξ.
106 3570 170 3631 448;
189 3585 273 3630 usum,
291 3568 422 3633 Verkehr3
440 3577 552 3638 cuperet,
570 3570 599 3624 S.
616 3572 639 3639 ξ.
655 3573 714 3623 665.
733 3570 760 3623 Ζ.
778 3571 801 3637 5.
819 3572 876 3624 610.

64 3667 127 3718 cap.
141 3665 211 3710 XXI.
224 3666 330 3711 Atticus
346 3667 411 3712 rent
425 3667 460 3711 lm
476 3667 518 3712 77.
532 3668 616 3714 labro
630 3668 658 3713 in
673 3668 731 3713 elne
744 3669 867 3716 schwere
879 3668 1034 3714 annklrolt
1048 3668 1103 3713 und
1116 3668 1210 3713 nlmmt

91 3721 224 3766 Abscbled
238 3735 290 3767 von
305 3723 396 3773 selnen
410 3722 560 3769 Frenndon.

119 3799 140 3848 1.
157 3814 237 3850 uuuos
254 3802 414 3865 conspiceret:
431 3786 470 3850 als
488 3815 517 3850 er
528 3801 598 3853 rolla
609 3831 643 3840 -
654 3800 735 3855 Jahre
747 3800 787 3853 alt
798 3815 864 3862 war;
885 3806 978 3852 uectus
989 3805 1044 3851 est:
1060 3798 1154 3851 bekam
1167 3814 1195 3851 er
1202 3818 1210 3862 ;

66 3865 219 3930 indiguisset
236 3867 270 3917 st.
289 3869 417 3931 iudiqeret.

97 3932 269 4047 'tielmmedia
286 3936 381 3984 celeria
390 3935 554 3998 faciliaque:
572 3932 674 3985 schnell
691 3934 746 3986 und
763 3934 846 4007 leicbt
857 3930 990 3984 wirkende
1003 3930 1102 3995 Mittel,
1120 3925 1209 3983 Haus-

68 4011 105 4047 nu
158 4035 163 4047 .

117 4064 140 4113 3.
158 4067 185 4114 iu
203 4079 284 4114 uuum
301 4067 457 4126 intestinum,
479 4063 503 4116 d.
522 4064 549 4116 h.
566 4081 602 4118 an
618 4065 703 4118 dieser
721 4065 805 4118 Stelle
822 4063 910 4118 allein.
954 4121 957 4128 ¹
